4766 6034
1915 600 2474 674 οΒΑΤῚα
2931 684 2942 693 ,
3496 608 3714 677 -em

680 812 933 917 scripta
978 820 1214 889 tamen
1266 812 1617 888 manentia
1669 812 2017 911 accipiatis
2035 871 2056 902 ,
2098 838 2225 889 nec
2270 815 2331 889 si
2376 812 2584 889 verba
2626 812 2860 889 volant
2903 814 3042 889 cito
3083 816 3425 915 peritura,
3475 842 3716 894 eorum

678 946 915 1013 tamen
971 934 1173 1010 vivax
1238 935 1666 1010 consuetudo
1730 934 1925 1009 vobis
1988 941 2262 1033 pereat,
2323 958 2584 1034 vosque
2643 960 2914 1034 semper
2971 936 3240 1011 intento
3285 938 3517 1037 animo
3563 966 3714 1016 esse

672 1055 953 1155 possitis
978 1114 999 1143 ,
1059 1078 1291 1155 neque
1358 1080 1491 1155 ego
1552 1054 1863 1154 ignorem
1887 1112 1908 1143 ,
1976 1062 2321 1153 quatenus
2395 1054 2754 1131 conveniat
2813 1055 3270 1132 institutionis
3332 1059 3507 1135 ratio
3550 1054 3726 1135 cum'
3777 1146 3782 1149 ,

671 1176 1097 1275 profectibus
1164 1175 1429 1253 vestris.
1544 1175 1819 1251 Deinde
1884 1175 2179 1251 adhibeo
2197 1234 2219 1263 ,
2282 1200 2462 1274 quae
2532 1175 2765 1275 aliqua
2823 1201 2910 1251 ex
2978 1186 3171 1275 parte
3235 1179 3344 1255 vel
3392 1180 3711 1280 prodest,

670 1296 897 1395 ipsam
946 1286 1255 1371 nostram
1299 1294 1755 1395 paucitatem,
1802 1303 1877 1371 et
1898 1364 1905 1372 .
1925 1296 2209 1394 quinam
2267 1295 2525 1395 singuli
2571 1296 2754 1385 sitia,
2803 1306 3039 1372 mente
3088 1298 3278 1399 agito
3298 1356 3318 1387 ,
3383 1324 3510 1375 nec
3562 1308 3710 1377 tam

670 1415 745 1490 id
786 1440 957 1515 ago,
1029 1424 1111 1491 ut
1168 1415 1677 1492 institutionem
1733 1416 1927 1491 omni
1984 1440 2273 1491 numero
2337 1416 2728 1492 ‘absolutam
2747 1474 2796 1505 „
2831 1418 2955 1493 sed
3007 1427 3087 1493 ut
3145 1419 3338 1495 vobis
3387 1428 3622 1520 aptam
3670 1446 3714 1495 a

670 1520 785 1611 me
828 1536 1197 1635 accipiatis.
1304 1536 1661 1636 Denique,
1722 1544 1805 1611 ut
1865 1538 1983 1613 illa
2042 1537 2360 1612 omittam
2378 1594 2400 1625 ,
2452 1549 2631 1635 quae
2677 1538 2872 1624 vobis
2927 1539 3142 1639 probe
3189 1548 3353 1615 nota
3407 1540 3558 1640 ipsa
3599 1566 3709 1615 res

670 1656 960 1755 prodet,
1012 1655 1235 1731 sicubi
1284 1656 1538 1731 nostris
1578 1656 1990 1733 lectionibus
2034 1657 2284 1756 aliquis
2326 1656 2656 1731 interesse
2701 1656 2904 1746 velit,
2953 1666 3110 1733 utor
3155 1658 3230 1734 in
3272 1668 3468 1759 parte
3513 1660 3739 1759 prae-‘

670 1773 1047 1850 lectionum
1098 1798 1410 1849 sermone
1468 1775 1691 1875 patrio
1712 1836 1733 1865 ,
1800 1784 1873 1851 et
1929 1785 2011 1852 ut
2058 1801 2179 1852 vos
2227 1777 2318 1852 ad
2366 1776 2770 1876 disciplinae
2820 1786 3094 1853 nostrae
3137 1780 3546 1878 gravitatem
3590 1803 3708 1853 ex-

574 1911 580 1919 ·
668 1894 906 1969 tollam
925 1951 945 1982 ,
1016 1894 1167 1992 ipse
1232 1895 1418 1994 prior
1478 1920 1602 1972 vos
1660 1896 1833 1971 adeo
1853 1954 1873 1985 ,
1940 1921 2157 1995 eaque
2220 1896 2486 1971 ratione
2543 1896 2899 1973 vobiscum
2945 1922 3078 1997 ago
3097 1958 3116 1987 ,
3167 1900 3281 1973 cui
3324 1900 3464 1975 iam
3509 1924 3708 1999 pares

668 2036 818 2087 esse
878 2012 1053 2089 mihi
1122 2013 1475 2091 videmini.
1578 2016 1793 2094 Quod
1856 2016 1916 2091 si
1972 2016 2096 2114 qui
2148 2016 2381 2091 minus
2441 2016 2779 2116 probant,
2847 2042 3075 2117 neque
3119 2042 3232 2093 me
3275 2018 3511 2093 tamen
3555 2012 3707 2094 iure

669 2132 1093 2232 culpabunt,
1162 2134 1354 2233 quod
1420 2161 1463 2210 a
1525 2136 1721 2211 vobis
1788 2135 2084 2234 intelligi
2149 2136 2390 2212 malim
2457 2160 2671 2235 quam
2739 2136 3035 2237 suspici,
3102 2138 3290 2237 quod
3347 2137 3426 2212 id
3469 2163 3706 2214 cavere

524 2246 537 2257 ’
672 2251 921 2327 studeo
940 2312 963 2343 ,
1028 2278 1118 2345 ne
1172 2254 1291 2329 illa
1350 2280 1563 2354 quam
1630 2255 1941 2331 altiorem
2006 2263 2250 2331 vocant
2294 2256 2807 2331 institutionem
2857 2257 3067 2331 nimis
3115 2257 3256 2333 alta
3305 2267 3550 2357 petens
3600 2258 3706 2332 in-

670 2372 942 2447 stitutio
988 2397 1139 2447 esse
1184 2372 1493 2463 desinat;
1545 2382 1668 2450 aut
1710 2399 1831 2451 vos
1872 2384 2166 2474 arguent
2206 2400 2247 2451 a
2290 2376 2550 2474 quibus
2595 2376 2878 2451 meliora
2909 2401 3054 2470 ‘non
3097 2376 3233 2451 nisi
3271 2376 3706 2475 iniquissima

666 2490 933 2567 ratione
1000 2500 1487 2592 exspectantur
1553 2496 1760 2595 culpa
1819 2520 1961 2570 non
2031 2501 2256 2571 vestra
2278 2553 2298 2584 ,
2368 2495 2492 2571 sed
2536 2494 2756 2596 ipsius
2804 2494 3219 2595 reipublicae
3238 2554 3257 2584 ,
3321 2521 3500 2595 quae
3547 2505 3708 2596 post

667 2620 851 2713 atras
914 2612 1089 2689 illas.
1134 2613 1489 2689 Kalendas
1561 2615 1777 2691 Iulias
1834 2614 2130 2717 proximi
2179 2615 2640 2715 quinquennii
2689 2616 3058 2691 stationem
3101 2616 3407 2691 deseruit
3424 2674 3445 2705 ,
3494 2641 3707 2716 quam

667 2732 937 2809 utinam
1016 2731 1302 2809 tandem
1376 2743 1705 2811 resumat.
1803 2738 1954 2811 Nos
2020 2736 2282 2837 interea
2349 2735 2676 2811 dulcibus
2738 2736 2890 2810 istis
2908 2794 2928 2825 ,
3000 2759 3230 2835 neque
3290 2744 3372 2812 ut
3430 2734 3712 2812 confido·

670 2854 1039 2929 inutilibus
1080 2854 1436 2954 colloquiis
1477 2856 1733 2931 nostris
1768 2855 2037 2933 Latinis
2073 2856 2149 2931 id
2188 2855 2396 2931 etiam
2433 2855 2507 2933 in
2541 2860 2894 2957 posterum
2930 2880 3221 2955 agamus
3239 2914 3258 2944 ,
3294 2879 3382 2931 ne
3405 2856 3708 2932 aemulis

669 2974 915 3049 vestris
981 2972 1241 3050 cedatis
1306 2974 1383 3050 in
1434 2975 1737 3076 eleganti
1788 2975 2291 3076 significatione
2340 2999 2578 3050 eorum
2599 3035 2620 3065 ,
2670 3000 2966 3075 quorum
3016 2976 3238 3076 ipsam
3263 2974 3427 3052 .vim
3449 3035 3468 3064 ,
3521 2978 3712 3076 quod

668 3094 760 3168 ad
822 3093 1159 3168 sermonis
1220 3095 1658 3171 selectionem
1726 3095 2017 3184 attinet,
2075 3094 2210 3170 illis
2259 3093 2451 3169 haud
2490 3094 2698 3192 paulo
2751 3092 3000 3169 melius
3043 3094 3272 3168 doceri
3309 3093 3700 3194 potuistis}

668 3212 785 3288 Sic
826 3213 1047 3313 igitur
1094 3200 1831 3318 συμφιλῖολογοῡμεν,
1880 3213 2126 3315 optimi
2176 3213 2461 3317 iuvenes
2480 3271 2502 3304 ,
2550 3214 2801 3289 hilares
2857 3213 3066 3288 simul
3113 3221 3184 3288 et
3231 3214 3532 3304 assidui,
3578 3239 3699 3289 ne·

669 3357 808 3432 que
850 3333 1105 3408 nostris
1153 3334 1340 3409 enim
1386 3335 1617 3410 Musis
1661 3334 1922 3435 gaudia
1960 3358 2101 3409 non
2140 3333 2540 3433 iungantur.
2639 3334 2803 3408 Non
2831 3333 3022 3409 enim
3052 3358 3194 3432 quo
3219 3333 3382 3433 quis
3405 3332 3664 3410 tristior
3677 3395 3698 3423 ,

668 3475 751 3528 eo
816 3451 1081 3526 doctior
1141 3458 1249 3526 est
1298 3451 1696 3556 habendus,
1738 3459 1836 3527 et
1887 3449 2273 3550 stupendus
2324 3450 2526 3549 quasi
2566 3451 2880 3528 eruditus
2901 3512 2920 3543 ,
2989 3453 3049 3528 si
3101 3455 3258 3552 qiii's
3311 3454 3702 3530 morosioris

670 3578 778 3646 est
823 3570 1087 3672 ingenii
1104 3629 1127 3660 ,
1190 3571 1313 3646 sed
1351 3571 1785 3670 aequabilem
1831 3594 2182 3645 servemus
2227 3575 2532 3644 mentem
2554 3629 2576 3660 ,
2625 3596 2804 3670 quae
2861 3580 3090 3672 sperat
3125 3573 3429 3649 adversis
3451 3572 3662 3649 rebus
3682 3631 3702 3662 ,

667 3691 923 3767 metuit
974 3691 1295 3767 secundis
1341 3693 1629 3768 alteram
1678 3699 1930 3766 sortem
1951 3749 1971 3778 ,
2038 3690 2164 3765 sed
2211 3698 2528 3765 neutram
2579 3691 2978 3767 reformidat
3029 3699 3154 3766 aut
3201 3691 3410 3768 nimis
3466 3692 3554 3768 de
3604 3693 3701 3767 al-

669 3818 935 3886 terutra
988 3809 1418 3887 sollicitatur.
1515 3811 1647 3886 Est
1695 3811 1881 3886 enim
1929 3809 2061 3886 hoc
2110 3811 2323 3886 etiam
2365 3810 2440 3884 in
2484 3811 2570 3885 iis
2592 3869 2615 3899 ,
2685 3837 2864 3911 quae
2915 3839 3002 3888 ex
3041 3812 3426 3888 litterarum
3469 3812 3704 3888 studio

667 3931 1047 4019 lucramur,
1098 3954 1187 4004 ne
1232 3930 1490 4006 scilicet
1534 3931 1927 4006 irretiamur
1972 3930 2479 4030 phantasmatis
2500 3989 2522 4020 ,
2579 3939 2705 4006 aut
2747 3932 2940 4032 vulgi
2981 3931 3388 4007 commentis
3431 3945 3700 4007 movea-

667 4075 863 4139 mur,
932 4043 1057 4126 sed
1116 4074 1227 4125 res
1283 4050 1624 4126 humanas
1667 4050 2105 4148 aliquatenus
2158 4050 2648 4150 perspicientes
2667 4109 2688 4140 ,
2750 4051 2969 4150 quieti
3015 4075 3144 4124 nec
3196 4051 3417 4126 territi
3463 4075 3699 4127 cerna·

586 4209 593 4214 ·
666 4190 889 4260 mus,
938 4193 1421 4269 quaecumque
1470 4169 1648 4245 circa
1690 4194 1817 4244 nos
1865 4177 2196 4268 agantur,
2262 4193 2560 4266 quorum
2610 4171 2842 4270 turpia
2886 4169 3093 4244 nimis
3151 4169 3374 4244 multa
3418 4176 3584 4245 sunt
3627 4180 3700 4246 et

670 4290 1089 4365 exsecranda
1106 4347 1127 4379 ,
1188 4314 1487 4389 quorum
1548 4291 1849 4389 plurima
1902 4289 2093 4365 haud
2142 4291 2309 4365 satis
2358 4290 2707 4365 laudanda
2727 4348 2748 4379 ,
2817 4290 2876 4366 si
2922 4312 3060 4364 non
3105 4313 3352 4364 vanam
3401 4288 3700 4388 speciem

662 4410 1065 4487 intueamur
1130 4410 1255 4486 sed
1321 4434 1468 4484 rem
1537 4409 1759 4509 ipsam
1781 4468 1802 4499 ,
1873 4433 2169 4508 quorum
2228 4416 2464 4484 tamen
2529 4408 2714 4485 bona
2757 4433 2916 4508 pars
2962 4417 3274 4524 superest
3313 4409 3695 4498 eiusmodi,

667 4538 751 4603 ut
813 4529 1038 4605 multa
1101 4528 1277 4603 inde-
1335 4528 1682 4604 discamus
1705 4587 1727 4618 ,
1794 4537 1877 4604 ut
1938 4528 2305 4620 utilissima
2356 4528 2494 4604 dici
2543 4528 2762 4628 possit
2807 4529 2946 4602 vita
2993 4537 3226 4602 nostra
3244 4585 3265 4616 ,
3315 4528 3698 4604 du'mmodo

666 4649 777 4724 vel
838 4671 1063 4725 unum
1128 4647 1375 4727 horum
1440 4671 1528 4724 ex
1594 4648 1829 4749 aliqua
1888 4657 2085 4748 parte
2133 4648 2696 4749 promoverimus,
2797 4647 2956 4724 Hoc
3005 4655 3242 4726 autem
3289 4655 3361 4722 et
3410 4671 3530 4744 vos
3574 4673 3696 4748 po·

662 4768 863 4846 testis
880 4826 903 4860 ,
976 4769 1037 4845 si
1102 4768 1281 4846 hanc
1347 4767 1649 4844 scholam
1671 4826 1691 4857 ,
1732 4777 1843 4844 ‘ut
1914 4768 2139 4878 facitis
2156 4826 2179 4860 ,
2249 4793 2452 4869 porro
2515 4767 2727 4844 etiam
2761 4767 3290 4872 *condecoratis3
3357 4765 3454 4843 sic
3507 4766 3696 4842 enim

3057 4886 3208 4961 39*
3747 4891 3750 4896 ’
