4766 6034
1883 626 2436 693 ORATIO.
3547 624 3634 691 53

596 836 705 911 his
752 834 1253 935 interpretandi
1303 840 1490 908 sunt.
1592 832 1805 913 Quod
1850 858 2063 933 quam
2110 834 2281 909 utile
2326 834 2452 922 sit,
2501 839 2774 908 nostrae
2821 857 3099 932 quoque
3141 832 3386 909 aetatis
3429 854 3635 932 expe-

594 955 844 1031 rientia
912 953 1183 1030 docuit:
1258 954 1390 1028 etsi
1448 952 1637 1027 enim
1710 977 1951 1029 eorum
2019 953 2472 1054 repudiamus
2535 953 2994 1029 temeritatem
3015 1012 3036 1043 ‚
3101 953 3223 1053 qui
3260 952 3348 1030 V.
3394 954 3632 1027 Testa-

594 1075 815 1150 menti
860 1100 1069 1149 usum
1118 1074 1197 1148 in
1244 1074 1446 1148 Novo
1492 1072 1781 1169 obvium
1820 1074 2025 1173 plane
2070 1073 2397 1149 eumdem
2437 1098 2586 1149 esse
2634 1080 2954 1149 statuunt
2995 1080 3205 1175 atque
3253 1098 3418 1149 eum
3441 1131 3461 1162 ‚
3513 1072 3636 1173 qui

593 1196 667 1269 in
741 1194 1227 1269 Rabbinorum
1246 1253 1265 1283 ‚
1336 1193 1607 1269 serioris
1676 1219 1955 1293 quoque
2023 1195 2173 1270 aevi
2191 1252 2211 1284 ,
2280 1194 2552 1292 scriptis
2617 1193 3020 1271 observatur
3036 1254 3057 1284 ‚
3129 1194 3332 1269 illum
3397 1202 3635 1270 tamen

594 1323 749 1389 tum
794 1315 1081 1390 demum
1120 1322 1305 1391 recte
1344 1321 1784 1414 perspectum
1830 1340 1983 1391 esse
2030 1314 2512 1389 existimamus
2530 1372 2550 1403 ,
2599 1320 2969 1413 postquam
3012 1313 3430 1413 comparatio
3473 1338 3638 1395 cum

596 1434 723 1509 hoc
760 1440 945 1510 esset
986 1435 1329 1511 instituta.
1430 1435 1572 1509 Sed
1612 1434 1787 1534 quid
1828 1435 1905 1510 in
1953 1435 2063 1509 his
2110 1434 2542 1511 similibusve
2591 1434 2922 1533 exemplis
2961 1434 3279 1509 haeream
3298 1434 3334 1507 Ρ
3405 1432 3638 1507 Multo

596 1552 781 1628 enim
832 1552 1093 1628 maiora
1134 1560 1335 1641 sunt,
1388 1576 1568 1653 quae
1614 1551 1703 1627 de
1748 1552 2182 1651 antiquitatis
2222 1551 2612 1629 Hebraicae
2629 1612 2650 1641 ‚
2702 1553 2973 1628 Veteris
3018 1553 3419 1653 praesertim
3463 1554 3636 1627 Foe-

596 1671 778 1746 deris
844 1672 1076 1747 studio
1090 1732 1111 1762 ‚
1176 1672 1554 1771 praedicari
1614 1696 1889 1747 summo
1945 1672 2095 1747 iure
2164 1680 2502 1771 possunt,
2571 1672 2631 1747 si
2677 1671 2770 1749 ad
2817 1674 3213 1774 theoloyiam
3268 1699 3336 1773 q.
3382 1673 3450 1748 d.
3513 1698 3640 1747 seu

594 1794 1032 1891 doqmaticam
1080 1793 1387 1867 biblicam
1434 1793 1529 1867 N.
1578 1792 2008 1867 Testamenti
2054 1792 2290 1868 oculos
2337 1793 2824 1868 convertimus.

693 1910 1197 2011 Theologorum
1283 1918 1558 1988 nostrae
1638 1913 1882 1988 aetatis
1970 1915 2175 2014 longe
2258 1914 2598 2014 plurimos
2690 1913 3188 1990 introductioni
3271 1913 3346 1987 in
3429 1911 3639 1987 libros

595 2030 685 2105 N.
750 2032 1179 2107 Testamenti
1239 2033 1767 2133 diligentissime
1831 2058 2111 2133 operam
2166 2034 2327 2109 dare
2348 2094 2368 2124 ,
2419 2036 2530 2110 r'es
2578 2040 2686 2110 est
2733 2033 3117 2110 notissima.
3218 2031 3638 2107 Recentissi-

594 2150 727 2225 mis
792 2158 1029 2226 autem
1088 2152 1519 2253 temporibus
1576 2154 1782 2229 aliam
1827 2179 2107 2253 prorsus
2155 2155 2325 2230 haec
2368 2154 2732 2253 disciplina
2775 2152 3008 2228 induit
3054 2152 3382 2228 formam:
3435 2158 3640 2227 antea

594 2270 779 2345 enim
822 2271 1025 2346 unice
1075 2273 1217 2348 fere
1271 2282 1683 2373 argumenta
1732 2282 2015 2350 externa
2061 2275 2149 2350 ad
2193 2274 2628 2375 singulorum
2673 2273 3006 2349 librorum
3045 2271 3482 2349 authentiam
3517 2278 3642 2346 aut

594 2389 1024 2489 probandam
1088 2400 1212 2467 aut
1273 2394 1823 2493 impugnandam
1876 2394 2341 2485 adhibebant3
2409 2418 2597 2469 nunc
2642 2417 2802 2468 vero
2850 2394 3198 2468 internam
3243 2415 3485 2467 eorum
3535 2391 3640 2465 in-

595 2509 821 2583 dolem
864 2511 1313 2609 spectandam
1358 2538 1511 2589 esse
1554 2514 1883 2591 omnibus
1927 2539 2339 2615 persuasum
2389 2522 2534 2604 est,
2585 2513 2728 2589 imo
2771 2512 2866 2588 ad
2910 2536 3064 2587 eam
3085 2570 3104 2601 ,
3157 2510 3404 2612 spretis
3447 2510 3640 2585 testi-

594 2629 847 2705 moniis
915 2632 1218 2707 externis
1236 2692 1257 2722 ‚
1322 2633 1525 2708 unice
1589 2633 1946 2709 attendere
1998 2633 2247 2709 iubent
2314 2634 2506 2709 haud
2567 2632 2792 2733 pauci.
2909 2632 3118 2707 Unde
3175 2630 3440 2707 factum
3491 2638 3640 2719 est,

592 2757 676 2823 ut
730 2750 828 2825 N.
872 2750 1201 2828 Foederis
1247 2753 1595 2853 theologia
1617 2812 1637 2843 ‚
1705 2779 1884 2853 quae
1935 2755 2026 2830 ab
2070 2754 2583 2855 antiquioribus
2626 2758 2750 2830 aut
2789 2752 3054 2853 negligi
3094 2758 3220 2828 aut
3261 2776 3424 2827 cum
3469 2750 3639 2849 dog-

592 2870 847 2946 matica
908 2871 1303 2950 Christiana
1364 2874 1699 2949 confundi
1768 2874 2070 2965 solebat,
2136 2876 2522 2951 arctissimo
2568 2898 2758 2951 nunc
2804 2873 3078 2948 vinculo
3125 2896 3288 2947 eum
3331 2872 3642 2972 ipsorum

594 2989 927 3067 librorum
992 2992 1279 3070 historia
1334 2994 1665 3097 coniungi
1730 3003 1803 3071 et
1858 2978 2243 3097 principem
2301 2995 2374 3070 in
2430 2995 2794 3096 disciplina
2839 2994 3069 3070 locum
3119 2992 3256 3068 sibi
3295 2990 3640 3068 vindicare

596 3108 912 3211 coeperit.
1014 3114 1163 3194 Qui
1223 3123 1427 3190 antea
1481 3141 1637 3192 eam
1698 3116 2103 3192 excolebant
2121 3176 2141 3206 ,
2200 3117 2518 3215 analogia
2571 3143 2640 3215 q.
2688 3115 2756 3190 d.
2809 3114 2977 3189 fidei
3025 3112 3263 3200 abusi,
3313 3113 3516 3185 Iesu
3569 3119 3642 3184 et

596 3231 1083 3329 Apostolorum
1152 3234 1536 3312 doctrinam
1602 3235 1891 3311 miscere
1909 3296 1929 3324 ‚
1996 3245 2067 3310 et
2104 3236 2287 3311 locos
2307 3294 2326 3325 ,
2376 3236 2572 3312 nulla
2631 3241 2994 3310 auctorum
3046 3231 3311 3308 ratione
3359 3229 3596 3306 habita
3616 3289 3636 3317 ,
3699 3291 3702 3297 .

593 3350 777 3427 intra
846 3355 1237 3452 systematis
1304 3357 1669 3431 cuiusdam
1724 3353 2093 3454 theologici
2141 3354 2478 3430 cancellos
2513 3367 2771 3453 ‘cogere
2819 3355 3337 3426 consueverant.
3438 3347 3636 3421 Post-

594 3495 805 3570 quam
862 3497 1021 3548 vero
1067 3475 1421 3575 persuasio
1466 3473 1799 3563 invaluit,
1853 3498 1971 3549 eos
2011 3475 2086 3548 in
2134 3472 2650 3552 narrationibus
2697 3469 3210 3548 conscribendis
3251 3477 3323 3543 et
3363 3466 3436 3541 in
3473 3492 3635 3542 con-

594 3591 821 3667 denda
880 3592 1192 3669 doctrina
1252 3619 1451 3670 suam
1510 3618 1861 3695 quemque
1913 3593 2194 3669 inivisse
2249 3594 2429 3669 viam
2445 3652 2468 3684 ,
2532 3617 2658 3693 pro
2701 3591 2890 3667 vario
2908 3651 2929 3681 ‚
2997 3591 3120 3689 qui
3159 3589 3234 3664 in
3278 3588 3366 3662 iis
3403 3613 3634 3664 cerne-

592 3716 782 3786 retur
850 3710 1117 3809 ingenii
1190 3719 1262 3787 et
1328 3714 1583 3788 mentis
1648 3713 1845 3788 cultu
1864 3771 1885 3802 ‚
1954 3737 2081 3813 pro
2147 3712 2352 3788 variis
2413 3712 2623 3788 etiam
2645 3769 2667 3802 ,
2729 3712 2990 3812 quibus
3044 3709 3304 3785 imbuti
3364 3695 3634 3799 essent,

592 3827 1033 3929 opinionibus
1052 3890 1073 3920 ‚
1140 3831 1231 3906 ad
1303 3830 1670 3908 discrimen
1690 3891 1715 3922 ,
1778 3833 1969 3931 quod
2024 3833 2207 3908 inter
2254 3857 2371 3909 eos
2423 3833 2658 3920 adest,
2725 3831 3040 3907 animum
3081 3831 3436 3906 advertere
3479 3855 3632 3904 coe-

456 3985 461 3988 ·
578 3953 865 4045 ‚perunt.
965 3949 1121 4024 Iam
1176 3973 1335 4024 vero
1404 3949 1686 4040 accidit,
1750 3951 1940 4050 quod
1998 3951 2209 4051 vulgo
2261 3952 2413 4026 fieri
2462 3951 2670 4027 solet:
2743 3977 2884 4053 quo
2929 3950 3152 4050 magis
3195 3955 3400 4026 antea
3440 3950 3630 4047 Apo-

594 4066 926 4142 stolorum
986 4067 1063 4142 in
1126 4068 1436 4145 doctrina
1498 4069 1842 4146 unitatem
1896 4078 2175 4146 strenue
2224 4071 2786 4161 vindicaverunt,
2847 4097 2932 4146 eo
2977 4070 3196 4147 maior
3241 4093 3428 4144 nunc
3481 4093 3631 4143 esse
3717 4119 3722 4123 -

594 4186 996 4284 perhibetur
1063 4213 1303 4264 eorum
1370 4214 1413 4264 a
1474 4213 1549 4264 se
1610 4189 1904 4266 invicem
1952 4191 2329 4267 diversitas.
2430 4193 2538 4266 Eo
2589 4215 2778 4266 nunc
2827 4215 2936 4265 res
2989 4189 3356 4289 processit,
3411 4194 3523 4274 nt,
3573 4187 3632 4262 si

597 4305 951 4407 theologos
1013 4307 1379 4384 audiamus
1437 4307 1917 4409 Tubingenses
1938 4367 1957 4398 ,
2022 4309 2232 4408 primi
2284 4310 2436 4383 aevi
2479 4309 2827 4384 Ecclesiae
2869 4305 3154 4381 historia
3203 4303 3372 4378 belli
3418 4302 3628 4378 inter-

595 4426 814 4502 necivi
830 4485 853 4517 ,
919 4429 1111 4526 quod
1166 4429 1349 4503 inter
1406 4428 1916 4504 Paulinismum
1976 4436 2047 4504 et
2115 4428 3024 4504 Iudaeo-Christianismum
3075 4423 3212 4499 fuit
3228 4481 3249 4514 ‚
3311 4423 3436 4498 fiat·
3477 4422 3626 4497 the-

598 4552 825 4622 atrum
846 4605 867 4638 ,
916 4547 1117 4622 cuius
1158 4548 1531 4624 simultatis
1550 4608 1571 4639 ‚
1620 4573 1746 4649 per
1786 4554 2065 4624 centum
2112 4555 2183 4622 et
2231 4547 2741 4649 quinquaginta
2773 4547 2914 4621 fere
2950 4569 3167 4621 annos
3206 4549 3626 4643 protractae,

598 4665 672 4738 in
738 4667 829 4744 N.
874 4669 1303 4744 Testamenti
1358 4669 1553 4744 libris
1604 4668 1912 4745 diversae
1954 4669 2155 4768 quasi
2199 4669 2466 4769 periodi
2512 4674 2909 4744 cernuntur.
3010 4665 3228 4746 Quod
3279 4664 3627 4765 quomodo

600 4809 761 4864 cum
818 4788 1093 4864 disertis
1158 4788 1485 4866 historiae
1531 4789 1947 4866 testimoniis
1994 4789 2361 4866 concilient
2378 4849 2400 4882 ‚
2449 4789 2584 4889 ipsi
2642 4787 2954 4864 videant:
3007 4811 3228 4863 unum
3271 4809 3458 4861 nunc
3499 4784 3622 4860 ob-
