<?xml version="1.0" encoding="UTF-8"?>
<!DOCTYPE html PUBLIC "-//W3C//DTD XHTML 1.0 Transitional//EN"
    "http://www.w3.org/TR/xhtml1/DTD/xhtml1-transitional.dtd">
<html xmlns="http://www.w3.org/1999/xhtml" xml:lang="en" lang="en">
 <head>
  <title>
</title>
<meta http-equiv="Content-Type" content="text/html;charset=utf-8" />
  <meta name='ocr-system' content='tesseract 3.04.00' />
  <meta name='ocr-capabilities' content='ocr_page ocr_carea ocr_par ocr_line ocrx_word'/>
</head>
<body>
  <div class='ocr_page' id='page_1' title='image "annalesacademic02confgoog_0579.png"; bbox 0 0 4766 6034; ppageno 0'>
   <div class='ocr_carea' id='block_1_1' title="bbox 782 540 814 582">
    <p class='ocr_par' dir='ltr' id='par_1_1' title="bbox 782 540 814 582">
     <span class='ocr_line' id='line_1_1' title="bbox 782 540 814 582; baseline 0 0"><span class='ocrx_word' id='word_1_1' title='bbox 782 540 814 582; x_wconf 70' lang='grc'><strong>4·</strong></span> 
     </span>
    </p>
   </div>
   <div class='ocr_carea' id='block_1_2' title="bbox 1813 625 3629 702">
    <p class='ocr_par' dir='ltr' id='par_1_2' title="bbox 1813 625 3629 702">
     <span class='ocr_line' id='line_1_2' title="bbox 1813 625 3629 702; baseline -0.001 0"><span class='ocrx_word' id='word_1_2' title='bbox 1813 631 2372 702; x_wconf 78' lang='lat' dir='ltr'><strong>ORATIO.</strong></span> <span class='ocrx_word' id='word_1_3' title='bbox 3397 625 3629 702; x_wconf 67' lang='lat'><strong>&#39;28⁹7</strong></span> 
     </span>
    </p>
   </div>
   <div class='ocr_carea' id='block_1_3' title="bbox 581 837 3623 1772">
    <p class='ocr_par' dir='ltr' id='par_1_3' title="bbox 581 837 3623 1772">
     <span class='ocr_line' id='line_1_3' title="bbox 589 837 3623 939; baseline 0.001 -25"><span class='ocrx_word' id='word_1_4' title='bbox 589 839 726 914; x_wconf 87' lang='lat' dir='ltr'><strong>lem</strong></span> <span class='ocrx_word' id='word_1_5' title='bbox 771 859 1146 936; x_wconf 87' lang='lat' dir='ltr'><strong>sequamur</strong></span> <span class='ocrx_word' id='word_1_6' title='bbox 1185 837 1552 914; x_wconf 79' lang='lat' dir='ltr'><strong>normam?</strong></span> <span class='ocrx_word' id='word_1_7' title='bbox 1646 838 2120 928; x_wconf 86' lang='lat' dir='ltr'><strong>Addiscantur</strong></span> <span class='ocrx_word' id='word_1_8' title='bbox 2163 840 2310 916; x_wconf 89' lang='lat' dir='ltr'><strong>sine</strong></span> <span class='ocrx_word' id='word_1_9' title='bbox 2351 839 2569 915; x_wconf 91' lang='lat' dir='ltr'><strong>dubio</strong></span> <span class='ocrx_word' id='word_1_10' title='bbox 2606 838 2673 914; x_wconf 92' lang='lat' dir='ltr'><strong>ei</strong></span> <span class='ocrx_word' id='word_1_11' title='bbox 2708 862 3091 930; x_wconf 74' lang='lat' dir='ltr'><strong>sermones,</strong></span> <span class='ocrx_word' id='word_1_12' title='bbox 3133 863 3375 916; x_wconf 89' lang='lat' dir='ltr'><strong>eorum</strong></span> <span class='ocrx_word' id='word_1_13' title='bbox 3410 838 3623 939; x_wconf 89' lang='lat' dir='ltr'><strong>scrip·</strong></span> 
     </span>
     <span class='ocr_line' id='line_1_4' title="bbox 587 956 3622 1058; baseline 0.001 -26"><span class='ocrx_word' id='word_1_14' title='bbox 587 966 770 1032; x_wconf 90' lang='lat' dir='ltr'><strong>tores</strong></span> <span class='ocrx_word' id='word_1_15' title='bbox 812 956 1134 1056; x_wconf 80' lang='lat' dir='ltr'><strong>legentur</strong></span> <span class='ocrx_word' id='word_1_16' title='bbox 1174 956 1390 1057; x_wconf 88' lang='lat' dir='ltr'><strong>aliqui</strong></span> <span class='ocrx_word' id='word_1_17' title='bbox 1408 1014 1430 1047; x_wconf 94' lang='lat'><strong>,</strong></span> <span class='ocrx_word' id='word_1_18' title='bbox 1473 956 1823 1058; x_wconf 85' lang='lat' dir='ltr'><strong>huiusque</strong></span> <span class='ocrx_word' id='word_1_19' title='bbox 1877 960 1979 1035; x_wconf 88' lang='lat' dir='ltr'><strong>rei</strong></span> <span class='ocrx_word' id='word_1_20' title='bbox 2029 983 2376 1036; x_wconf 88' lang='lat' dir='ltr'><strong>summam</strong></span> <span class='ocrx_word' id='word_1_21' title='bbox 2424 983 2575 1035; x_wconf 89' lang='lat' dir='ltr'><strong>esse</strong></span> <span class='ocrx_word' id='word_1_22' title='bbox 2626 959 3000 1035; x_wconf 82' lang='lat' dir='ltr'><strong>utilitatem</strong></span> <span class='ocrx_word' id='word_1_23' title='bbox 3046 965 3121 1033; x_wconf 92' lang='lat' dir='ltr'><strong>et</strong></span> <span class='ocrx_word' id='word_1_24' title='bbox 3165 983 3372 1034; x_wconf 90' lang='lat' dir='ltr'><strong>nemo</strong></span> <span class='ocrx_word' id='word_1_25' title='bbox 3414 959 3622 1034; x_wconf 88' lang='lat' dir='ltr'><strong>dene·-</strong></span> 
     </span>
     <span class='ocr_line' id='line_1_5' title="bbox 583 1075 3623 1182; baseline 0.001 -32"><span class='ocrx_word' id='word_1_26' title='bbox 583 1075 817 1176; x_wconf 84' lang='lat' dir='ltr'><strong>gabit,</strong></span> <span class='ocrx_word' id='word_1_27' title='bbox 883 1083 958 1150; x_wconf 90' lang='lat' dir='ltr'><strong>et</strong></span> <span class='ocrx_word' id='word_1_28' title='bbox 1015 1075 1168 1174; x_wconf 85' lang='lat' dir='ltr'><strong>ipse</strong></span> <span class='ocrx_word' id='word_1_29' title='bbox 1232 1075 1440 1151; x_wconf 90' lang='lat' dir='ltr'><strong>modo</strong></span> <span class='ocrx_word' id='word_1_30' title='bbox 1503 1075 1694 1152; x_wconf 90' lang='lat' dir='ltr'><strong>idem</strong></span> <span class='ocrx_word' id='word_1_31' title='bbox 1762 1080 2108 1182; x_wconf 85' lang='lat' dir='ltr'><strong>contendi.</strong></span> <span class='ocrx_word' id='word_1_32' title='bbox 2232 1081 2333 1156; x_wconf 82' lang='lat' dir='ltr'><strong>At</strong></span> <span class='ocrx_word' id='word_1_33' title='bbox 2406 1103 2575 1179; x_wconf 90' lang='lat' dir='ltr'><strong>pace</strong></span> <span class='ocrx_word' id='word_1_34' title='bbox 2637 1079 2864 1154; x_wconf 87' lang='lat' dir='ltr'><strong>dicam</strong></span> <span class='ocrx_word' id='word_1_35' title='bbox 2924 1103 3165 1154; x_wconf 86' lang='lat' dir='ltr'><strong>eorum</strong></span> <span class='ocrx_word' id='word_1_36' title='bbox 3188 1137 3209 1168; x_wconf 92' lang='lat'><strong>,</strong></span> <span class='ocrx_word' id='word_1_37' title='bbox 3274 1079 3401 1178; x_wconf 92' lang='lat' dir='ltr'><strong>qui</strong></span> <span class='ocrx_word' id='word_1_38' title='bbox 3452 1078 3623 1154; x_wconf 90' lang='lat' dir='ltr'><strong>istas</strong></span> 
     </span>
     <span class='ocr_line' id='line_1_6' title="bbox 582 1195 3616 1299; baseline 0.001 -29"><span class='ocrx_word' id='word_1_39' title='bbox 582 1196 844 1272; x_wconf 83' lang='lat' dir='ltr'><strong>litteras</strong></span> <span class='ocrx_word' id='word_1_40' title='bbox 901 1195 1152 1271; x_wconf 86' lang='lat' dir='ltr'><strong>docent</strong></span> <span class='ocrx_word' id='word_1_41' title='bbox 1199 1203 1272 1270; x_wconf 88' lang='lat' dir='ltr'><strong>et</strong></span> <span class='ocrx_word' id='word_1_42' title='bbox 1317 1196 1417 1272; x_wconf 88' lang='lat' dir='ltr'><strong>ita</strong></span> <span class='ocrx_word' id='word_1_43' title='bbox 1463 1197 1848 1274; x_wconf 84' lang='lat' dir='ltr'><strong>maximum</strong></span> <span class='ocrx_word' id='word_1_44' title='bbox 1909 1199 1984 1274; x_wconf 92' lang='lat' dir='ltr'><strong>in</strong></span> <span class='ocrx_word' id='word_1_45' title='bbox 2037 1198 2334 1299; x_wconf 87' lang='lat' dir='ltr'><strong>patriam</strong></span> <span class='ocrx_word' id='word_1_46' title='bbox 2394 1207 2703 1274; x_wconf 87' lang='lat' dir='ltr'><strong>nostram</strong></span> <span class='ocrx_word' id='word_1_47' title='bbox 2754 1197 3121 1272; x_wconf 85' lang='lat' dir='ltr'><strong>conferunt</strong></span> <span class='ocrx_word' id='word_1_48' title='bbox 3162 1196 3578 1272; x_wconf 88' lang='lat' dir='ltr'><strong>beneficium</strong></span> <span class='ocrx_word' id='word_1_49' title='bbox 3596 1256 3616 1284; x_wconf 92' lang='lat'><strong>,</strong></span> 
     </span>
     <span class='ocr_line' id='line_1_7' title="bbox 582 1312 3619 1420; baseline -0.001 -30"><span class='ocrx_word' id='word_1_50' title='bbox 582 1315 810 1392; x_wconf 91' lang='lat' dir='ltr'><strong>dicam</strong></span> <span class='ocrx_word' id='word_1_51' title='bbox 826 1371 846 1403; x_wconf 89' lang='lat'><strong>,</strong></span> <span class='ocrx_word' id='word_1_52' title='bbox 907 1315 987 1390; x_wconf 92' lang='lat' dir='ltr'><strong>id</strong></span> <span class='ocrx_word' id='word_1_53' title='bbox 1049 1315 1307 1392; x_wconf 86' lang='lat' dir='ltr'><strong>iterum</strong></span> <span class='ocrx_word' id='word_1_54' title='bbox 1359 1339 1530 1414; x_wconf 85' lang='lat' dir='ltr'><strong>rogo</strong></span> <span class='ocrx_word' id='word_1_55' title='bbox 1549 1373 1572 1404; x_wconf 88' lang='lat'><strong>,</strong></span> <span class='ocrx_word' id='word_1_56' title='bbox 1637 1315 1746 1390; x_wconf 91' lang='lat' dir='ltr'><strong>his</strong></span> <span class='ocrx_word' id='word_1_57' title='bbox 1805 1338 1946 1390; x_wconf 92' lang='lat' dir='ltr'><strong>non</strong></span> <span class='ocrx_word' id='word_1_58' title='bbox 2003 1316 2298 1391; x_wconf 90' lang='lat' dir='ltr'><strong>nimium</strong></span> <span class='ocrx_word' id='word_1_59' title='bbox 2353 1315 2847 1402; x_wconf 89' lang='lat' dir='ltr'><strong>irascentibus,</strong></span> <span class='ocrx_word' id='word_1_60' title='bbox 2896 1313 3083 1412; x_wconf 87' lang='lat' dir='ltr'><strong>ipsas</strong></span> <span class='ocrx_word' id='word_1_61' title='bbox 3129 1312 3301 1420; x_wconf 69' lang='lat' dir='ltr'><strong>istas</strong></span> <span class='ocrx_word' id='word_1_62' title='bbox 3356 1312 3619 1389; x_wconf 82' lang='lat' dir='ltr'><strong>litteras</strong></span> 
     </span>
     <span class='ocr_line' id='line_1_8' title="bbox 583 1431 3621 1534; baseline -0.001 -26"><span class='ocrx_word' id='word_1_63' title='bbox 583 1434 682 1509; x_wconf 87' lang='lat' dir='ltr'><strong>sic</strong></span> <span class='ocrx_word' id='word_1_64' title='bbox 727 1433 871 1509; x_wconf 81' lang='lat' dir='ltr'><strong>fere</strong></span> <span class='ocrx_word' id='word_1_65' title='bbox 915 1434 1142 1510; x_wconf 89' lang='lat' dir='ltr'><strong>doceri</strong></span> <span class='ocrx_word' id='word_1_66' title='bbox 1159 1491 1180 1524; x_wconf 91' lang='lat'><strong>,</strong></span> <span class='ocrx_word' id='word_1_67' title='bbox 1225 1442 1310 1510; x_wconf 87' lang='lat' dir='ltr'><strong>ut</strong></span> <span class='ocrx_word' id='word_1_68' title='bbox 1354 1435 1582 1534; x_wconf 86' lang='lat' dir='ltr'><strong>magis</strong></span> <span class='ocrx_word' id='word_1_69' title='bbox 1624 1431 1669 1509; x_wconf 82' lang='lat' dir='ltr'><strong>a</strong></span> <span class='ocrx_word' id='word_1_70' title='bbox 1719 1434 2080 1533; x_wconf 87' lang='lat' dir='ltr'><strong>superficie</strong></span> <span class='ocrx_word' id='word_1_71' title='bbox 2127 1459 2358 1510; x_wconf 90' lang='lat' dir='ltr'><strong>rerum</strong></span> <span class='ocrx_word' id='word_1_72' title='bbox 2401 1443 2484 1510; x_wconf 85' lang='lat' dir='ltr'><strong>-et</strong></span> <span class='ocrx_word' id='word_1_73' title='bbox 2535 1433 2761 1534; x_wconf 89' lang='lat' dir='ltr'><strong>specie</strong></span> <span class='ocrx_word' id='word_1_74' title='bbox 2806 1432 3313 1532; x_wconf 84' lang='lat' dir='ltr'><strong>proficiscentes</strong></span> <span class='ocrx_word' id='word_1_75' title='bbox 3364 1433 3621 1533; x_wconf 85' lang='lat' dir='ltr'><strong>singuli</strong></span> 
     </span>
     <span class='ocr_line' id='line_1_9' title="bbox 581 1548 3619 1654; baseline -0.001 -26"><span class='ocrx_word' id='word_1_76' title='bbox 581 1560 984 1653; x_wconf 85' lang='lat' dir='ltr'><strong>penetrent,</strong></span> <span class='ocrx_word' id='word_1_77' title='bbox 1031 1554 1264 1654; x_wconf 89' lang='lat' dir='ltr'><strong>quoad</strong></span> <span class='ocrx_word' id='word_1_78' title='bbox 1304 1553 1613 1630; x_wconf 86' lang='lat' dir='ltr'><strong>lubebit=</strong></span> <span class='ocrx_word' id='word_1_79' title='bbox 1675 1554 1872 1630; x_wconf 86' lang='lat' dir='ltr'><strong>lubet</strong></span> <span class='ocrx_word' id='word_1_80' title='bbox 1926 1563 2162 1630; x_wconf 89' lang='lat' dir='ltr'><strong>autem</strong></span> <span class='ocrx_word' id='word_1_81' title='bbox 2205 1553 2415 1629; x_wconf 89' lang='lat' dir='ltr'><strong>nimis</strong></span> <span class='ocrx_word' id='word_1_82' title='bbox 2459 1553 2701 1628; x_wconf 88' lang='lat' dir='ltr'><strong>multis</strong></span> <span class='ocrx_word' id='word_1_83' title='bbox 2752 1560 2834 1626; x_wconf 90' lang='lat' dir='ltr'><strong>ut</strong></span> <span class='ocrx_word' id='word_1_84' title='bbox 2880 1548 3237 1626; x_wconf 84' lang='lat' dir='ltr'><strong>haerentes</strong></span> <span class='ocrx_word' id='word_1_85' title='bbox 3280 1552 3355 1626; x_wconf 89' lang='lat' dir='ltr'><strong>in</strong></span> <span class='ocrx_word' id='word_1_86' title='bbox 3400 1551 3619 1626; x_wconf 89' lang='lat' dir='ltr'><strong>initiis</strong></span> 
     </span>
     <span class='ocr_line' id='line_1_10' title="bbox 582 1671 3621 1772; baseline 0.001 -28"><span class='ocrx_word' id='word_1_87' title='bbox 582 1671 922 1748; x_wconf 79' lang='lat' dir='ltr'><strong>severiora</strong></span> <span class='ocrx_word' id='word_1_88' title='bbox 981 1672 1346 1762; x_wconf 78' lang='lat' dir='ltr'><strong>omittant3</strong></span> <span class='ocrx_word' id='word_1_89' title='bbox 1409 1672 1782 1763; x_wconf 82' lang='lat' dir='ltr'><strong>docentur,</strong></span> <span class='ocrx_word' id='word_1_90' title='bbox 1847 1673 2176 1772; x_wconf 89' lang='lat' dir='ltr'><strong>inquam,</strong></span> <span class='ocrx_word' id='word_1_91' title='bbox 2239 1683 2322 1748; x_wconf 94' lang='lat' dir='ltr'><strong>ut</strong></span> <span class='ocrx_word' id='word_1_92' title='bbox 2375 1673 2603 1772; x_wconf 83' lang='lat' dir='ltr'><strong>magis</strong></span> <span class='ocrx_word' id='word_1_93' title='bbox 2647 1672 2777 1747; x_wconf 89' lang='lat' dir='ltr'><strong>hoe</strong></span> <span class='ocrx_word' id='word_1_94' title='bbox 2834 1671 2958 1745; x_wconf 86' lang='lat' dir='ltr'><strong>fiat</strong></span> <span class='ocrx_word' id='word_1_95' title='bbox 2974 1727 2995 1760; x_wconf 91' lang='lat'><strong>,</strong></span> <span class='ocrx_word' id='word_1_96' title='bbox 3042 1694 3254 1770; x_wconf 91' lang='lat' dir='ltr'><strong>quam</strong></span> <span class='ocrx_word' id='word_1_97' title='bbox 3298 1679 3379 1745; x_wconf 91' lang='lat' dir='ltr'><strong>ut</strong></span> <span class='ocrx_word' id='word_1_98' title='bbox 3418 1671 3621 1746; x_wconf 90' lang='lat' dir='ltr'><strong>firma</strong></span> 
     </span>
    </p>
   </div>
   <div class='ocr_carea' id='block_1_4' title="bbox 407 1790 3620 1890">
    <p class='ocr_par' dir='ltr' id='par_1_4' title="bbox 407 1790 3620 1890">
     <span class='ocr_line' id='line_1_11' title="bbox 407 1790 3620 1890; baseline -0.002 -18"><span class='ocrx_word' id='word_1_99' title='bbox 407 1855 440 1872; x_wconf 81' lang='grc'><strong>-</strong></span> <span class='ocrx_word' id='word_1_100' title='bbox 580 1799 929 1890; x_wconf 90' lang='lat' dir='ltr'><strong>ponantur</strong></span> <span class='ocrx_word' id='word_1_101' title='bbox 977 1791 1328 1868; x_wconf 88' lang='lat' dir='ltr'><strong>doctrinae</strong></span> <span class='ocrx_word' id='word_1_102' title='bbox 1372 1791 1866 1882; x_wconf 81' lang='lat' dir='ltr'><strong>fundamenta,</strong></span> <span class='ocrx_word' id='word_1_103' title='bbox 1917 1816 2046 1868; x_wconf 89' lang='lat' dir='ltr'><strong>nec</strong></span> <span class='ocrx_word' id='word_1_104' title='bbox 2093 1790 2292 1869; x_wconf 88' lang='lat' dir='ltr'><strong>facile</strong></span> <span class='ocrx_word' id='word_1_105' title='bbox 2335 1793 2479 1868; x_wconf 86' lang='lat' dir='ltr'><strong>fere</strong></span> <span class='ocrx_word' id='word_1_106' title='bbox 2540 1816 2621 1867; x_wconf 90' lang='lat' dir='ltr'><strong>ac</strong></span> <span class='ocrx_word' id='word_1_107' title='bbox 2674 1790 2813 1866; x_wconf 92' lang='lat' dir='ltr'><strong>cito</strong></span> <span class='ocrx_word' id='word_1_108' title='bbox 2869 1790 3190 1890; x_wconf 89' lang='lat' dir='ltr'><strong>peritura.</strong></span> <span class='ocrx_word' id='word_1_109' title='bbox 3292 1791 3370 1865; x_wconf 89' lang='lat' dir='ltr'><strong>Si</strong></span> <span class='ocrx_word' id='word_1_110' title='bbox 3420 1791 3579 1890; x_wconf 85' lang='lat' dir='ltr'><strong>quis</strong></span> <span class='ocrx_word' id='word_1_111' title='bbox 3599 1849 3620 1879; x_wconf 92' lang='lat'><strong>,</strong></span> 
     </span>
    </p>
   </div>
   <div class='ocr_carea' id='block_1_5' title="bbox 500 1909 3625 4878">
    <p class='ocr_par' dir='ltr' id='par_1_5' title="bbox 500 1909 3625 4878">
     <span class='ocr_line' id='line_1_12' title="bbox 579 1909 3620 2012; baseline 0 -26"><span class='ocrx_word' id='word_1_112' title='bbox 579 1909 883 2009; x_wconf 84' lang='lat' dir='ltr'><strong>exempli</strong></span> <span class='ocrx_word' id='word_1_113' title='bbox 924 1933 1134 1986; x_wconf 85' lang='lat' dir='ltr'><strong>causa</strong></span> <span class='ocrx_word' id='word_1_114' title='bbox 1151 1969 1174 2002; x_wconf 92' lang='lat'><strong>,</strong></span> <span class='ocrx_word' id='word_1_115' title='bbox 1227 1909 1524 1987; x_wconf 82' lang='lat' dir='ltr'><strong>candide</strong></span> <span class='ocrx_word' id='word_1_116' title='bbox 1561 1911 1885 2012; x_wconf 90' lang='lat' dir='ltr'><strong>inspiciat</strong></span> <span class='ocrx_word' id='word_1_117' title='bbox 1933 1920 2006 1987; x_wconf 89' lang='lat' dir='ltr'><strong>et</strong></span> <span class='ocrx_word' id='word_1_118' title='bbox 2047 1911 2198 1986; x_wconf 90' lang='lat' dir='ltr'><strong>sine</strong></span> <span class='ocrx_word' id='word_1_119' title='bbox 2235 1911 2340 1986; x_wconf 89' lang='lat' dir='ltr'><strong>ira</strong></span> <span class='ocrx_word' id='word_1_120' title='bbox 2381 1911 2491 1986; x_wconf 84' lang='lat' dir='ltr'><strong>vel</strong></span> <span class='ocrx_word' id='word_1_121' title='bbox 2534 1910 2766 1986; x_wconf 89' lang='lat' dir='ltr'><strong>studio</strong></span> <span class='ocrx_word' id='word_1_122' title='bbox 2808 1918 3157 2007; x_wconf 88' lang='lat' dir='ltr'><strong>comparet</strong></span> <span class='ocrx_word' id='word_1_123' title='bbox 3199 1909 3411 1986; x_wconf 89' lang='lat' dir='ltr'><strong>libros</strong></span> <span class='ocrx_word' id='word_1_124' title='bbox 3448 1910 3620 1986; x_wconf 87' lang='lat' dir='ltr'><strong>istos</strong></span> 
     </span>
     <span class='ocr_line' id='line_1_13' title="bbox 579 2028 3623 2131; baseline 0.001 -27"><span class='ocrx_word' id='word_1_125' title='bbox 579 2039 652 2106; x_wconf 90' lang='lat' dir='ltr'><strong>et</strong></span> <span class='ocrx_word' id='word_1_126' title='bbox 709 2028 1121 2130; x_wconf 86' lang='lat' dir='ltr'><strong>compendia</strong></span> <span class='ocrx_word' id='word_1_127' title='bbox 1137 2087 1158 2120; x_wconf 93' lang='lat'><strong>,</strong></span> <span class='ocrx_word' id='word_1_128' title='bbox 1215 2055 1256 2106; x_wconf 91' lang='lat' dir='ltr'><strong>e</strong></span> <span class='ocrx_word' id='word_1_129' title='bbox 1324 2031 1583 2131; x_wconf 88' lang='lat' dir='ltr'><strong>quibus</strong></span> <span class='ocrx_word' id='word_1_130' title='bbox 1649 2032 1864 2108; x_wconf 84' lang='lat' dir='ltr'><strong>soleat</strong></span> <span class='ocrx_word' id='word_1_131' title='bbox 1921 2029 2170 2106; x_wconf 87' lang='lat' dir='ltr'><strong>notitia</strong></span> <span class='ocrx_word' id='word_1_132' title='bbox 2232 2031 2687 2106; x_wconf 83' lang='lat' dir='ltr'><strong>recentiorum</strong></span> <span class='ocrx_word' id='word_1_133' title='bbox 2753 2053 3151 2106; x_wconf 86' lang='lat' dir='ltr'><strong>sermonum</strong></span> <span class='ocrx_word' id='word_1_134' title='bbox 3209 2031 3390 2130; x_wconf 89' lang='lat' dir='ltr'><strong>peti,</strong></span> <span class='ocrx_word' id='word_1_135' title='bbox 3457 2055 3623 2106; x_wconf 92' lang='lat' dir='ltr'><strong>cum</strong></span> 
     </span>
     <span class='ocr_line' id='line_1_14' title="bbox 575 2148 3625 2252; baseline 0 -26"><span class='ocrx_word' id='word_1_136' title='bbox 575 2148 700 2236; x_wconf 82' lang='lat' dir='ltr'><strong>iis,</strong></span> <span class='ocrx_word' id='word_1_137' title='bbox 751 2173 790 2222; x_wconf 92' lang='lat' dir='ltr'><strong>e</strong></span> <span class='ocrx_word' id='word_1_138' title='bbox 833 2149 1094 2246; x_wconf 89' lang='lat' dir='ltr'><strong>quibus</strong></span> <span class='ocrx_word' id='word_1_139' title='bbox 1135 2157 1443 2226; x_wconf 84' lang='lat' dir='ltr'><strong>veterum</strong></span> <span class='ocrx_word' id='word_1_140' title='bbox 1487 2149 1772 2226; x_wconf 84' lang='lat' dir='ltr'><strong>scientia</strong></span> <span class='ocrx_word' id='word_1_141' title='bbox 1807 2150 2192 2252; x_wconf 74' lang='lat' dir='ltr'><strong>derivatur,</strong></span> <span class='ocrx_word' id='word_1_142' title='bbox 2231 2174 2371 2224; x_wconf 89' lang='lat' dir='ltr'><strong>non</strong></span> <span class='ocrx_word' id='word_1_143' title='bbox 2413 2150 2582 2227; x_wconf 88' lang='lat' dir='ltr'><strong>haec</strong></span> <span class='ocrx_word' id='word_1_144' title='bbox 2623 2149 2912 2249; x_wconf 89' lang='lat' dir='ltr'><strong>quidem</strong></span> <span class='ocrx_word' id='word_1_145' title='bbox 2952 2150 3281 2224; x_wconf 88' lang='lat' dir='ltr'><strong>omnibus</strong></span> <span class='ocrx_word' id='word_1_146' title='bbox 3314 2151 3625 2226; x_wconf 89' lang='lat' dir='ltr'><strong>numeris</strong></span> 
     </span>
     <span class='ocr_line' id='line_1_15' title="bbox 577 2267 3624 2369; baseline 0.001 -27"><span class='ocrx_word' id='word_1_147' title='bbox 577 2267 880 2366; x_wconf 78' lang='lat' dir='ltr'><strong>perfecta</strong></span> <span class='ocrx_word' id='word_1_148' title='bbox 914 2267 1220 2368; x_wconf 85' lang='lat' dir='ltr'><strong>inveniet</strong></span> <span class='ocrx_word' id='word_1_149' title='bbox 1261 2277 1333 2343; x_wconf 86' lang='lat' dir='ltr'><strong>et</strong></span> <span class='ocrx_word' id='word_1_150' title='bbox 1372 2267 1688 2344; x_wconf 87' lang='lat' dir='ltr'><strong>absoluta</strong></span> <span class='ocrx_word' id='word_1_151' title='bbox 1708 2325 1730 2358; x_wconf 91' lang='lat'><strong>,</strong></span> <span class='ocrx_word' id='word_1_152' title='bbox 1797 2270 1922 2344; x_wconf 91' lang='lat' dir='ltr'><strong>sed</strong></span> <span class='ocrx_word' id='word_1_153' title='bbox 1972 2275 2204 2344; x_wconf 91' lang='lat' dir='ltr'><strong>tamen</strong></span> <span class='ocrx_word' id='word_1_154' title='bbox 2255 2269 2601 2368; x_wconf 88' lang='lat' dir='ltr'><strong>prioribus</strong></span> <span class='ocrx_word' id='word_1_155' title='bbox 2660 2269 2801 2344; x_wconf 84' lang='lat' dir='ltr'><strong>fere</strong></span> <span class='ocrx_word' id='word_1_156' title='bbox 2866 2269 3128 2369; x_wconf 90' lang='lat' dir='ltr'><strong>ubique</strong></span> <span class='ocrx_word' id='word_1_157' title='bbox 3178 2270 3383 2369; x_wconf 87' lang='lat' dir='ltr'><strong>longe</strong></span> <span class='ocrx_word' id='word_1_158' title='bbox 3430 2295 3624 2369; x_wconf 88' lang='lat' dir='ltr'><strong>prae-</strong></span> 
     </span>
     <span class='ocr_line' id='line_1_16' title="bbox 580 2385 3619 2488; baseline 0 -26"><span class='ocrx_word' id='word_1_159' title='bbox 580 2385 911 2462; x_wconf 82' lang='lat' dir='ltr'><strong>stantiora</strong></span> <span class='ocrx_word' id='word_1_160' title='bbox 930 2446 951 2477; x_wconf 90' lang='lat'>‚</span> <span class='ocrx_word' id='word_1_161' title='bbox 1031 2387 1172 2462; x_wconf 87' lang='lat' dir='ltr'><strong>sive</strong></span> <span class='ocrx_word' id='word_1_162' title='bbox 1244 2412 1474 2464; x_wconf 88' lang='lat' dir='ltr'><strong>rerum</strong></span> <span class='ocrx_word' id='word_1_163' title='bbox 1549 2389 2077 2488; x_wconf 85' lang='lat' dir='ltr'><strong>intelligentiam</strong></span> <span class='ocrx_word' id='word_1_164' title='bbox 2145 2397 2218 2464; x_wconf 92' lang='lat' dir='ltr'><strong>et</strong></span> <span class='ocrx_word' id='word_1_165' title='bbox 2288 2388 2621 2465; x_wconf 89' lang='lat' dir='ltr'><strong>sermonis</strong></span> <span class='ocrx_word' id='word_1_166' title='bbox 2682 2387 2871 2487; x_wconf 78' lang='lat' dir='ltr'><strong>leges</strong></span> <span class='ocrx_word' id='word_1_167' title='bbox 2938 2395 3011 2465; x_wconf 91' lang='lat' dir='ltr'><strong>et</strong></span> <span class='ocrx_word' id='word_1_168' title='bbox 3074 2389 3375 2487; x_wconf 68' lang='lat' dir='ltr'><strong>origines</strong></span> <span class='ocrx_word' id='word_1_169' title='bbox 3442 2389 3619 2463; x_wconf 90' lang='lat' dir='ltr'><strong>bene</strong></span> 
     </span>
     <span class='ocr_line' id='line_1_17' title="bbox 581 2495 3619 2606; baseline 0 -25"><span class='ocrx_word' id='word_1_170' title='bbox 581 2515 976 2605; x_wconf 84' lang='lat' dir='ltr'><strong>perspectas</strong></span> <span class='ocrx_word' id='word_1_171' title='bbox 997 2563 1018 2594; x_wconf 92' lang='lat'><strong>,</strong></span> <span class='ocrx_word' id='word_1_172' title='bbox 1065 2506 1210 2581; x_wconf 88' lang='lat' dir='ltr'><strong>sive</strong></span> <span class='ocrx_word' id='word_1_173' title='bbox 1257 2507 1534 2583; x_wconf 88' lang='lat' dir='ltr'><strong>dicendi</strong></span> <span class='ocrx_word' id='word_1_174' title='bbox 1583 2495 1920 2582; x_wconf 89' lang='lat' dir='ltr'><strong>rationem</strong></span> <span class='ocrx_word' id='word_1_175' title='bbox 1969 2515 2044 2583; x_wconf 91' lang='lat' dir='ltr'><strong>et</strong></span> <span class='ocrx_word' id='word_1_176' title='bbox 2089 2532 2316 2583; x_wconf 90' lang='lat' dir='ltr'><strong>veram</strong></span> <span class='ocrx_word' id='word_1_177' title='bbox 2367 2517 2439 2584; x_wconf 87' lang='lat' dir='ltr'><strong>et</strong></span> <span class='ocrx_word' id='word_1_178' title='bbox 2483 2508 2755 2584; x_wconf 78' lang='lat' dir='ltr'><strong>facilem</strong></span> <span class='ocrx_word' id='word_1_179' title='bbox 2772 2565 2793 2596; x_wconf 93' lang='lat'>‚</span> <span class='ocrx_word' id='word_1_180' title='bbox 2840 2532 3067 2606; x_wconf 89' lang='lat' dir='ltr'><strong>neque</strong></span> <span class='ocrx_word' id='word_1_181' title='bbox 3114 2508 3325 2582; x_wconf 90' lang='lat' dir='ltr'><strong>nimis</strong></span> <span class='ocrx_word' id='word_1_182' title='bbox 3370 2505 3619 2582; x_wconf 82' lang='lat' dir='ltr'><strong>obscu-</strong></span> 
     </span>
     <span class='ocr_line' id='line_1_18' title="bbox 576 2624 3617 2727; baseline 0 -27"><span class='ocrx_word' id='word_1_183' title='bbox 576 2649 726 2700; x_wconf 86' lang='lat' dir='ltr'><strong>ram</strong></span> <span class='ocrx_word' id='word_1_184' title='bbox 771 2624 1246 2723; x_wconf 58' lang='lat' dir='ltr'><strong>inquii-amun</strong></span> <span class='ocrx_word' id='word_1_185' title='bbox 1293 2626 1586 2726; x_wconf 88' lang='lat' dir='ltr'><strong>reperiet</strong></span> <span class='ocrx_word' id='word_1_186' title='bbox 1632 2627 1896 2727; x_wconf 89' lang='lat' dir='ltr'><strong>ubique</strong></span> <span class='ocrx_word' id='word_1_187' title='bbox 1917 2685 1938 2718; x_wconf 89' lang='lat'><strong>,</strong></span> <span class='ocrx_word' id='word_1_188' title='bbox 2005 2629 2114 2704; x_wconf 87' lang='lat' dir='ltr'><strong>vel</strong></span> <span class='ocrx_word' id='word_1_189' title='bbox 2157 2628 2230 2703; x_wconf 89' lang='lat' dir='ltr'><strong>in</strong></span> <span class='ocrx_word' id='word_1_190' title='bbox 2279 2627 2714 2727; x_wconf 89' lang='lat' dir='ltr'><strong>sequioribus</strong></span> <span class='ocrx_word' id='word_1_191' title='bbox 2732 2683 2753 2716; x_wconf 91' lang='lat'><strong>,</strong></span> <span class='ocrx_word' id='word_1_192' title='bbox 2808 2634 3231 2726; x_wconf 84' lang='lat' dir='ltr'><strong>quantopere</strong></span> <span class='ocrx_word' id='word_1_193' title='bbox 3276 2626 3383 2726; x_wconf 59' lang='lat' dir='ltr'><strong>¹sit</strong></span> <span class='ocrx_word' id='word_1_194' title='bbox 3434 2633 3617 2701; x_wconf 88' lang='lat' dir='ltr'><strong>vete-</strong></span> 
     </span>
     <span class='ocr_line' id='line_1_19' title="bbox 575 2745 3617 2848; baseline 0.002 -31"><span class='ocrx_word' id='word_1_195' title='bbox 575 2767 736 2818; x_wconf 89' lang='lat' dir='ltr'><strong>rum</strong></span> <span class='ocrx_word' id='word_1_196' title='bbox 793 2765 1189 2820; x_wconf 84' lang='lat' dir='ltr'><strong>sermonum</strong></span> <span class='ocrx_word' id='word_1_197' title='bbox 1259 2745 1569 2820; x_wconf 86' lang='lat' dir='ltr'><strong>studium</strong></span> <span class='ocrx_word' id='word_1_198' title='bbox 1585 2803 1607 2836; x_wconf 92' lang='lat'><strong>,</strong></span> <span class='ocrx_word' id='word_1_199' title='bbox 1670 2747 2031 2848; x_wconf 87' lang='lat' dir='ltr'><strong>hucusque</strong></span> <span class='ocrx_word' id='word_1_200' title='bbox 2099 2747 2344 2824; x_wconf 90' lang='lat' dir='ltr'><strong>saltem</strong></span> <span class='ocrx_word' id='word_1_201' title='bbox 2361 2806 2382 2837; x_wconf 93' lang='lat'>‚</span> <span class='ocrx_word' id='word_1_202' title='bbox 2450 2745 2833 2822; x_wconf 88' lang='lat' dir='ltr'><strong>accuratius</strong></span> <span class='ocrx_word' id='word_1_203' title='bbox 2902 2745 3111 2832; x_wconf 85' lang='lat' dir='ltr'><strong>simul</strong></span> <span class='ocrx_word' id='word_1_204' title='bbox 3168 2755 3241 2820; x_wconf 92' lang='lat' dir='ltr'><strong>et</strong></span> <span class='ocrx_word' id='word_1_205' title='bbox 3296 2746 3617 2822; x_wconf 86' lang='lat' dir='ltr'><strong>severius.</strong></span> 
     </span>
     <span class='ocr_line' id='line_1_20' title="bbox 583 2863 3618 2974; baseline 0 -37"><span class='ocrx_word' id='word_1_206' title='bbox 583 2863 744 2974; x_wconf 73' lang='lat' dir='ltr'><strong>Seio</strong></span> <span class='ocrx_word' id='word_1_207' title='bbox 785 2863 1072 2965; x_wconf 90' lang='lat' dir='ltr'><strong>quidem</strong></span> <span class='ocrx_word' id='word_1_208' title='bbox 1093 2921 1114 2954; x_wconf 89' lang='lat'><strong>,</strong></span> <span class='ocrx_word' id='word_1_209' title='bbox 1163 2865 1294 2940; x_wconf 89' lang='lat' dir='ltr'><strong>hoc</strong></span> <span class='ocrx_word' id='word_1_210' title='bbox 1334 2872 1408 2940; x_wconf 85' lang='lat' dir='ltr'><strong>et</strong></span> <span class='ocrx_word' id='word_1_211' title='bbox 1445 2865 1900 2942; x_wconf 88' lang='lat' dir='ltr'><strong>imminutum</strong></span> <span class='ocrx_word' id='word_1_212' title='bbox 1939 2891 2090 2948; x_wconf 87' lang='lat' dir='ltr'><strong>esse</strong></span> <span class='ocrx_word' id='word_1_213' title='bbox 2131 2867 2498 2942; x_wconf 86' lang='lat' dir='ltr'><strong>discrimen</strong></span> <span class='ocrx_word' id='word_1_214' title='bbox 2515 2924 2537 2957; x_wconf 93' lang='lat'>‚</span> <span class='ocrx_word' id='word_1_215' title='bbox 2576 2873 2647 2941; x_wconf 87' lang='lat' dir='ltr'><strong>et</strong></span> <span class='ocrx_word' id='word_1_216' title='bbox 2688 2866 2763 2940; x_wconf 92' lang='lat' dir='ltr'><strong>in</strong></span> <span class='ocrx_word' id='word_1_217' title='bbox 2803 2865 2957 2940; x_wconf 87' lang='lat' dir='ltr'><strong>dies</strong></span> <span class='ocrx_word' id='word_1_218' title='bbox 3000 2864 3225 2964; x_wconf 86' lang='lat' dir='ltr'><strong>magis</strong></span> <span class='ocrx_word' id='word_1_219' title='bbox 3260 2864 3618 2953; x_wconf 87' lang='lat' dir='ltr'><strong>imminui,</strong></span> 
     </span>
     <span class='ocr_line' id='line_1_21' title="bbox 575 2983 3619 3086; baseline 0.001 -29"><span class='ocrx_word' id='word_1_220' title='bbox 575 3007 806 3083; x_wconf 89' lang='lat' dir='ltr'><strong>neque</strong></span> <span class='ocrx_word' id='word_1_221' title='bbox 853 2983 916 3057; x_wconf 90' lang='lat' dir='ltr'><strong>is</strong></span> <span class='ocrx_word' id='word_1_222' title='bbox 965 3006 1120 3058; x_wconf 91' lang='lat' dir='ltr'><strong>sum</strong></span> <span class='ocrx_word' id='word_1_223' title='bbox 1144 3040 1166 3073; x_wconf 92' lang='lat'><strong>,</strong></span> <span class='ocrx_word' id='word_1_224' title='bbox 1219 2983 1346 3083; x_wconf 89' lang='lat' dir='ltr'><strong>qui</strong></span> <span class='ocrx_word' id='word_1_225' title='bbox 1384 2985 1712 3062; x_wconf 84' lang='lat' dir='ltr'><strong>laudibus</strong></span> <span class='ocrx_word' id='word_1_226' title='bbox 1757 2986 1933 3086; x_wconf 91' lang='lat' dir='ltr'><strong>quid</strong></span> <span class='ocrx_word' id='word_1_227' title='bbox 1977 2986 2242 3063; x_wconf 88' lang='lat' dir='ltr'><strong>meritis</strong></span> <span class='ocrx_word' id='word_1_228' title='bbox 2290 2986 2650 3063; x_wconf 89' lang='lat' dir='ltr'><strong>detraham</strong></span> <span class='ocrx_word' id='word_1_229' title='bbox 2703 3009 2943 3061; x_wconf 89' lang='lat' dir='ltr'><strong>eorum</strong></span> <span class='ocrx_word' id='word_1_230' title='bbox 2963 3040 2986 3075; x_wconf 94' lang='lat'><strong>,</strong></span> <span class='ocrx_word' id='word_1_231' title='bbox 3046 2985 3173 3084; x_wconf 92' lang='lat' dir='ltr'><strong>qui</strong></span> <span class='ocrx_word' id='word_1_232' title='bbox 3210 2991 3282 3060; x_wconf 89' lang='lat' dir='ltr'><strong>et</strong></span> <span class='ocrx_word' id='word_1_233' title='bbox 3325 2983 3400 3060; x_wconf 93' lang='lat' dir='ltr'><strong>in</strong></span> <span class='ocrx_word' id='word_1_234' title='bbox 3446 2986 3619 3060; x_wconf 87' lang='lat' dir='ltr'><strong>Ger-</strong></span> 
     </span>
     <span class='ocr_line' id='line_1_22' title="bbox 577 3101 3618 3206; baseline -0 -29"><span class='ocrx_word' id='word_1_235' title='bbox 577 3101 814 3177; x_wconf 87' lang='lat' dir='ltr'><strong>mania</strong></span> <span class='ocrx_word' id='word_1_236' title='bbox 861 3102 1188 3192; x_wconf 79' lang='lat' dir='ltr'><strong>etalibi,</strong></span> <span class='ocrx_word' id='word_1_237' title='bbox 1239 3108 1358 3202; x_wconf 93' lang='lat' dir='ltr'><strong>qui</strong></span> <span class='ocrx_word' id='word_1_238' title='bbox 1401 3106 1802 3206; x_wconf 86' lang='lat' dir='ltr'><strong>praesertim</strong></span> <span class='ocrx_word' id='word_1_239' title='bbox 1849 3107 1923 3181; x_wconf 92' lang='lat' dir='ltr'><strong>in</strong></span> <span class='ocrx_word' id='word_1_240' title='bbox 1968 3107 2190 3206; x_wconf 88' lang='lat' dir='ltr'><strong>patria</strong></span> <span class='ocrx_word' id='word_1_241' title='bbox 2239 3106 2451 3181; x_wconf 90' lang='lat' dir='ltr'><strong>etiam</strong></span> <span class='ocrx_word' id='word_1_242' title='bbox 2502 3110 2737 3181; x_wconf 88' lang='lat' dir='ltr'><strong>nostra</strong></span> <span class='ocrx_word' id='word_1_243' title='bbox 2758 3162 2779 3195; x_wconf 90' lang='lat'><strong>,</strong></span> <span class='ocrx_word' id='word_1_244' title='bbox 2848 3103 3085 3179; x_wconf 83' lang='lat' dir='ltr'><strong>eximii</strong></span> <span class='ocrx_word' id='word_1_245' title='bbox 3123 3103 3309 3179; x_wconf 92' lang='lat' dir='ltr'><strong>illius</strong></span> <span class='ocrx_word' id='word_1_246' title='bbox 3356 3105 3618 3179; x_wconf 74' lang='lat' dir='ltr'><strong>IAcosr</strong></span> 
     </span>
     <span class='ocr_line' id='line_1_23' title="bbox 574 3221 3617 3323; baseline 0 -28"><span class='ocrx_word' id='word_1_247' title='bbox 574 3223 848 3295; x_wconf 77' lang='lat' dir='ltr'><strong>Gnnm</strong></span> <span class='ocrx_word' id='word_1_248' title='bbox 907 3221 1197 3321; x_wconf 83' lang='lat' dir='ltr'><strong>vestigia</strong></span> <span class='ocrx_word' id='word_1_249' title='bbox 1262 3223 1816 3322; x_wconf 88' lang='lat' dir='ltr'><strong>splendidissime</strong></span> <span class='ocrx_word' id='word_1_250' title='bbox 1873 3226 2128 3316; x_wconf 88' lang='lat' dir='ltr'><strong>secuti,</strong></span> <span class='ocrx_word' id='word_1_251' title='bbox 2191 3226 2413 3300; x_wconf 84' lang='lat' dir='ltr'><strong>mults</strong></span> <span class='ocrx_word' id='word_1_252' title='bbox 2470 3225 2611 3299; x_wconf 87' lang='lat' dir='ltr'><strong>iam</strong></span> <span class='ocrx_word' id='word_1_253' title='bbox 2662 3224 3137 3315; x_wconf 87' lang='lat' dir='ltr'><strong>desudarunt,</strong></span> <span class='ocrx_word' id='word_1_254' title='bbox 3202 3230 3275 3297; x_wconf 89' lang='lat' dir='ltr'><strong>et</strong></span> <span class='ocrx_word' id='word_1_255' title='bbox 3318 3223 3617 3323; x_wconf 86' lang='lat' dir='ltr'><strong>plurima</strong></span> 
     </span>
     <span class='ocr_line' id='line_1_24' title="bbox 573 3338 3617 3443; baseline -0.001 -28"><span class='ocrx_word' id='word_1_256' title='bbox 573 3338 932 3416; x_wconf 68' lang='lat' dir='ltr'><strong>eonoecuti</strong></span> <span class='ocrx_word' id='word_1_257' title='bbox 975 3350 1144 3415; x_wconf 88' lang='lat' dir='ltr'><strong>sunt</strong></span> <span class='ocrx_word' id='word_1_258' title='bbox 1187 3342 1466 3442; x_wconf 85' lang='lat' dir='ltr'><strong>egregia</strong></span> <span class='ocrx_word' id='word_1_259' title='bbox 1479 3400 1502 3433; x_wconf 91' lang='lat'><strong>,</strong></span> <span class='ocrx_word' id='word_1_260' title='bbox 1559 3350 1634 3417; x_wconf 90' lang='lat' dir='ltr'><strong>et</strong></span> <span class='ocrx_word' id='word_1_261' title='bbox 1680 3342 1886 3443; x_wconf 85' lang='lat' dir='ltr'><strong>longe</strong></span> <span class='ocrx_word' id='word_1_262' title='bbox 1931 3343 2132 3442; x_wconf 90' lang='lat' dir='ltr'><strong>plura</strong></span> <span class='ocrx_word' id='word_1_263' title='bbox 2173 3341 2385 3417; x_wconf 88' lang='lat' dir='ltr'><strong>etiam</strong></span> <span class='ocrx_word' id='word_1_264' title='bbox 2428 3348 2863 3417; x_wconf 84' lang='lat' dir='ltr'><strong>assecuturos</strong></span> <span class='ocrx_word' id='word_1_265' title='bbox 2920 3366 3068 3416; x_wconf 85' lang='lat' dir='ltr'><strong>sese</strong></span> <span class='ocrx_word' id='word_1_266' title='bbox 3116 3347 3415 3441; x_wconf 88' lang='lat' dir='ltr'><strong>sperant.</strong></span> <span class='ocrx_word' id='word_1_267' title='bbox 3516 3341 3617 3414; x_wconf 90' lang='lat' dir='ltr'><strong>At</strong></span> 
     </span>
     <span class='ocr_line' id='line_1_25' title="bbox 569 3458 3617 3562; baseline 0 -28"><span class='ocrx_word' id='word_1_268' title='bbox 569 3458 1034 3548; x_wconf 86' lang='lat' dir='ltr'><strong>obtinebunt,</strong></span> <span class='ocrx_word' id='word_1_269' title='bbox 1082 3461 1362 3559; x_wconf 91' lang='lat' dir='ltr'><strong>opinor,</strong></span> <span class='ocrx_word' id='word_1_270' title='bbox 1410 3461 1633 3537; x_wconf 88' lang='lat' dir='ltr'><strong>doctis</strong></span> <span class='ocrx_word' id='word_1_271' title='bbox 1674 3462 1878 3562; x_wconf 85' lang='lat' dir='ltr'><strong>longe</strong></span> <span class='ocrx_word' id='word_1_272' title='bbox 1917 3462 2118 3562; x_wconf 88' lang='lat' dir='ltr'><strong>plura</strong></span> <span class='ocrx_word' id='word_1_273' title='bbox 2162 3484 2376 3562; x_wconf 87' lang='lat' dir='ltr'><strong>quam</strong></span> <span class='ocrx_word' id='word_1_274' title='bbox 2420 3461 2722 3551; x_wconf 89' lang='lat' dir='ltr'><strong>cunctis,</strong></span> <span class='ocrx_word' id='word_1_275' title='bbox 2770 3469 2843 3537; x_wconf 87' lang='lat' dir='ltr'><strong>et</strong></span> <span class='ocrx_word' id='word_1_276' title='bbox 2886 3461 2946 3535; x_wconf 90' lang='lat' dir='ltr'><strong>si</strong></span> <span class='ocrx_word' id='word_1_277' title='bbox 2988 3460 3166 3560; x_wconf 90' lang='lat' dir='ltr'><strong>quid</strong></span> <span class='ocrx_word' id='word_1_278' title='bbox 3210 3460 3311 3536; x_wconf 88' lang='lat' dir='ltr'><strong>illi</strong></span> <span class='ocrx_word' id='word_1_279' title='bbox 3355 3460 3429 3534; x_wconf 93' lang='lat' dir='ltr'><strong>in</strong></span> <span class='ocrx_word' id='word_1_280' title='bbox 3476 3484 3617 3535; x_wconf 90' lang='lat' dir='ltr'><strong>uno</strong></span> 
     </span>
     <span class='ocr_line' id='line_1_26' title="bbox 573 3578 3617 3680; baseline -0.001 -25"><span class='ocrx_word' id='word_1_281' title='bbox 573 3602 894 3655; x_wconf 87' lang='lat' dir='ltr'><strong>sermone</strong></span> <span class='ocrx_word' id='word_1_282' title='bbox 939 3578 1076 3654; x_wconf 87' lang='lat' dir='ltr'><strong>sibi</strong></span> <span class='ocrx_word' id='word_1_283' title='bbox 1115 3582 1694 3680; x_wconf 85' lang='lat' dir='ltr'><strong>comparaverint,</strong></span> <span class='ocrx_word' id='word_1_284' title='bbox 1739 3582 1900 3657; x_wconf 92' lang='lat' dir='ltr'><strong>ideo</strong></span> <span class='ocrx_word' id='word_1_285' title='bbox 1943 3605 2147 3680; x_wconf 89' lang='lat' dir='ltr'><strong>saepe</strong></span> <span class='ocrx_word' id='word_1_286' title='bbox 2193 3606 2236 3655; x_wconf 92' lang='lat' dir='ltr'><strong>a</strong></span> <span class='ocrx_word' id='word_1_287' title='bbox 2275 3579 2560 3679; x_wconf 90' lang='lat' dir='ltr'><strong>reliquis</strong></span> <span class='ocrx_word' id='word_1_288' title='bbox 2603 3580 3083 3656; x_wconf 87' lang='lat' dir='ltr'><strong>distrahuntur</strong></span> <span class='ocrx_word' id='word_1_289' title='bbox 3100 3637 3122 3669; x_wconf 92' lang='lat'><strong>,</strong></span> <span class='ocrx_word' id='word_1_290' title='bbox 3170 3578 3343 3655; x_wconf 88' lang='lat' dir='ltr'><strong>dum</strong></span> <span class='ocrx_word' id='word_1_291' title='bbox 3381 3586 3617 3653; x_wconf 89' lang='lat' dir='ltr'><strong>nostra</strong></span> 
     </span>
     <span class='ocr_line' id='line_1_27' title="bbox 571 3698 3615 3799; baseline 0 -27"><span class='ocrx_word' id='word_1_292' title='bbox 571 3698 846 3787; x_wconf 83' lang='lat' dir='ltr'><strong>studia,</strong></span> <span class='ocrx_word' id='word_1_293' title='bbox 895 3698 1076 3775; x_wconf 89' lang='lat' dir='ltr'><strong>circa</strong></span> <span class='ocrx_word' id='word_1_294' title='bbox 1124 3723 1570 3777; x_wconf 87' lang='lat' dir='ltr'><strong>communem</strong></span> <span class='ocrx_word' id='word_1_295' title='bbox 1613 3702 1877 3777; x_wconf 85' lang='lat' dir='ltr'><strong>fontem</strong></span> <span class='ocrx_word' id='word_1_296' title='bbox 1921 3700 2264 3777; x_wconf 81' lang='lat' dir='ltr'><strong>versantia</strong></span> <span class='ocrx_word' id='word_1_297' title='bbox 2281 3758 2300 3788; x_wconf 92' lang='lat'><strong>,</strong></span> <span class='ocrx_word' id='word_1_298' title='bbox 2345 3700 2612 3775; x_wconf 86' lang='lat' dir='ltr'><strong>nullam</strong></span> <span class='ocrx_word' id='word_1_299' title='bbox 2658 3708 2919 3798; x_wconf 89' lang='lat' dir='ltr'><strong>queant</strong></span> <span class='ocrx_word' id='word_1_300' title='bbox 2960 3699 3303 3773; x_wconf 89' lang='lat' dir='ltr'><strong>illustrare</strong></span> <span class='ocrx_word' id='word_1_301' title='bbox 3344 3706 3615 3799; x_wconf 89' lang='lat' dir='ltr'><strong>partem</strong></span> 
     </span>
     <span class='ocr_line' id='line_1_28' title="bbox 571 3816 3615 3918; baseline 0.001 -28"><span class='ocrx_word' id='word_1_302' title='bbox 571 3816 714 3891; x_wconf 85' lang='lat' dir='ltr'><strong>nisi</strong></span> <span class='ocrx_word' id='word_1_303' title='bbox 782 3816 882 3893; x_wconf 85' lang='lat' dir='ltr'><strong>ita</strong></span> <span class='ocrx_word' id='word_1_304' title='bbox 899 3874 920 3907; x_wconf 91' lang='lat'><strong>,</strong></span> <span class='ocrx_word' id='word_1_305' title='bbox 997 3826 1080 3893; x_wconf 90' lang='lat' dir='ltr'><strong>ut</strong></span> <span class='ocrx_word' id='word_1_306' title='bbox 1145 3818 1412 3917; x_wconf 85' lang='lat' dir='ltr'><strong>aliquot</strong></span> <span class='ocrx_word' id='word_1_307' title='bbox 1473 3826 1706 3895; x_wconf 82' lang='lat' dir='ltr'><strong>tamen</strong></span> <span class='ocrx_word' id='word_1_308' title='bbox 1775 3820 1942 3896; x_wconf 88' lang='lat' dir='ltr'><strong>iude</strong></span> <span class='ocrx_word' id='word_1_309' title='bbox 2002 3820 2180 3895; x_wconf 90' lang='lat' dir='ltr'><strong>radii</strong></span> <span class='ocrx_word' id='word_1_310' title='bbox 2236 3827 2308 3894; x_wconf 89' lang='lat' dir='ltr'><strong>et</strong></span> <span class='ocrx_word' id='word_1_311' title='bbox 2365 3818 2439 3894; x_wconf 90' lang='lat' dir='ltr'><strong>in</strong></span> <span class='ocrx_word' id='word_1_312' title='bbox 2496 3816 2757 3895; x_wconf 83' lang='lat' dir='ltr'><strong>ceteras</strong></span> <span class='ocrx_word' id='word_1_313' title='bbox 2812 3817 3085 3895; x_wconf 88' lang='lat' dir='ltr'><strong>cadant.</strong></span> <span class='ocrx_word' id='word_1_314' title='bbox 3155 3820 3343 3898; x_wconf 73' lang='lat' dir='ltr'><strong>Hoc</strong></span> <span class='ocrx_word' id='word_1_315' title='bbox 3398 3818 3615 3918; x_wconf 84' lang='lat' dir='ltr'><strong>igitur</strong></span> 
     </span>
     <span class='ocr_line' id='line_1_29' title="bbox 500 3922 3611 4041; baseline 0 -30"><span class='ocrx_word' id='word_1_316' title='bbox 500 3922 510 3930; x_wconf 72' lang='grc'><em>’</em></span> <span class='ocrx_word' id='word_1_317' title='bbox 572 3936 922 4011; x_wconf 89' lang='lat' dir='ltr'><strong>contendo</strong></span> <span class='ocrx_word' id='word_1_318' title='bbox 942 3994 964 4027; x_wconf 92' lang='lat'><strong>,</strong></span> <span class='ocrx_word' id='word_1_319' title='bbox 1032 3963 1078 4013; x_wconf 88' lang='lat' dir='ltr'><strong>a</strong></span> <span class='ocrx_word' id='word_1_320' title='bbox 1135 3960 1426 4015; x_wconf 87' lang='lat' dir='ltr'><strong>numero</strong></span> <span class='ocrx_word' id='word_1_321' title='bbox 1485 3945 1560 4015; x_wconf 91' lang='lat' dir='ltr'><strong>et</strong></span> <span class='ocrx_word' id='word_1_322' title='bbox 1618 3949 1814 4041; x_wconf 85' lang='lat' dir='ltr'><strong>parte</strong></span> <span class='ocrx_word' id='word_1_323' title='bbox 1861 3941 2068 4039; x_wconf 79' lang='lat' dir='ltr'><strong>longe</strong></span> <span class='ocrx_word' id='word_1_324' title='bbox 2113 3938 2370 4015; x_wconf 88' lang='lat' dir='ltr'><strong>maiore</strong></span> <span class='ocrx_word' id='word_1_325' title='bbox 2420 3945 2493 4015; x_wconf 88' lang='lat' dir='ltr'><strong>et</strong></span> <span class='ocrx_word' id='word_1_326' title='bbox 2534 3938 2896 4035; x_wconf 88' lang='lat' dir='ltr'><strong>hominum</strong></span> <span class='ocrx_word' id='word_1_327' title='bbox 2942 3945 3013 4015; x_wconf 84' lang='lat' dir='ltr'><strong>et</strong></span> <span class='ocrx_word' id='word_1_328' title='bbox 3062 3937 3393 4014; x_wconf 91' lang='lat' dir='ltr'><strong>librorum</strong></span> <span class='ocrx_word' id='word_1_329' title='bbox 3432 3938 3611 4012; x_wconf 85' lang='lat' dir='ltr'><strong>anti·</strong></span> 
     </span>
     <span class='ocr_line' id='line_1_30' title="bbox 571 4056 3607 4156; baseline -0 -24"><span class='ocrx_word' id='word_1_330' title='bbox 571 4078 754 4155; x_wconf 88' lang='lat' dir='ltr'><strong>quos</strong></span> <span class='ocrx_word' id='word_1_331' title='bbox 815 4080 1164 4133; x_wconf 88' lang='lat' dir='ltr'><strong>sermones</strong></span> <span class='ocrx_word' id='word_1_332' title='bbox 1215 4058 1615 4135; x_wconf 82' lang='lat' dir='ltr'><strong>docentium</strong></span> <span class='ocrx_word' id='word_1_333' title='bbox 1676 4059 1804 4135; x_wconf 89' lang='lat' dir='ltr'><strong>hos</strong></span> <span class='ocrx_word' id='word_1_334' title='bbox 1863 4082 2212 4135; x_wconf 86' lang='lat' dir='ltr'><strong>sermones</strong></span> <span class='ocrx_word' id='word_1_335' title='bbox 2269 4058 2493 4152; x_wconf 66' lang='lat' dir='ltr'><strong>multo</strong></span> <span class='ocrx_word' id='word_1_336' title='bbox 2539 4058 2927 4143; x_wconf 83' lang='lat' dir='ltr'><strong>accuratius</strong></span> <span class='ocrx_word' id='word_1_337' title='bbox 2970 4066 3041 4133; x_wconf 89' lang='lat' dir='ltr'><strong>et</strong></span> <span class='ocrx_word' id='word_1_338' title='bbox 3092 4056 3316 4156; x_wconf 85' lang='lat' dir='ltr'><strong>magis</strong></span> <span class='ocrx_word' id='word_1_339' title='bbox 3360 4056 3607 4131; x_wconf 88' lang='lat' dir='ltr'><strong>intrin-</strong></span> 
     </span>
     <span class='ocr_line' id='line_1_31' title="bbox 569 4175 3607 4286; baseline -0.001 -35"><span class='ocrx_word' id='word_1_340' title='bbox 569 4200 774 4252; x_wconf 86' lang='lat' dir='ltr'><strong>secus</strong></span> <span class='ocrx_word' id='word_1_341' title='bbox 817 4178 1072 4277; x_wconf 84' lang='lat' dir='ltr'><strong>exponi</strong></span> <span class='ocrx_word' id='word_1_342' title='bbox 1086 4235 1107 4268; x_wconf 92' lang='lat'><strong>,</strong></span> <span class='ocrx_word' id='word_1_343' title='bbox 1158 4204 1374 4279; x_wconf 87' lang='lat' dir='ltr'><strong>quam</strong></span> <span class='ocrx_word' id='word_1_344' title='bbox 1427 4179 1806 4255; x_wconf 89' lang='lat' dir='ltr'><strong>doceantur</strong></span> <span class='ocrx_word' id='word_1_345' title='bbox 1859 4178 2267 4254; x_wconf 86' lang='lat' dir='ltr'><strong>recentiores</strong></span> <span class='ocrx_word' id='word_1_346' title='bbox 2323 4176 2419 4286; x_wconf 72' lang='lat' dir='ltr'><strong>ab</strong></span> <span class='ocrx_word' id='word_1_347' title='bbox 2466 4177 2811 4252; x_wconf 86' lang='lat' dir='ltr'><strong>eiusmodi</strong></span> <span class='ocrx_word' id='word_1_348' title='bbox 2874 4184 3069 4277; x_wconf 80' lang='lat' dir='ltr'><strong>parte</strong></span> <span class='ocrx_word' id='word_1_349' title='bbox 3110 4175 3269 4250; x_wconf 80' lang='lat' dir='ltr'><strong>sive</strong></span> <span class='ocrx_word' id='word_1_350' title='bbox 3318 4198 3607 4250; x_wconf 77' lang='lat' dir='ltr'><strong>numero</strong></span> 
     </span>
     <span class='ocr_line' id='line_1_32' title="bbox 569 4294 3603 4397; baseline -0.001 -26"><span class='ocrx_word' id='word_1_351' title='bbox 569 4297 859 4371; x_wconf 91' lang='lat' dir='ltr'><strong>omnino</strong></span> <span class='ocrx_word' id='word_1_352' title='bbox 919 4298 1387 4397; x_wconf 87' lang='lat' dir='ltr'><strong>comparabili.</strong></span> <span class='ocrx_word' id='word_1_353' title='bbox 1503 4299 1595 4373; x_wconf 91' lang='lat' dir='ltr'><strong>Id</strong></span> <span class='ocrx_word' id='word_1_354' title='bbox 1649 4306 1888 4375; x_wconf 90' lang='lat' dir='ltr'><strong>autem</strong></span> <span class='ocrx_word' id='word_1_355' title='bbox 1944 4299 2004 4374; x_wconf 90' lang='lat' dir='ltr'><strong>si</strong></span> <span class='ocrx_word' id='word_1_356' title='bbox 2057 4320 2298 4373; x_wconf 89' lang='lat' dir='ltr'><strong>verum</strong></span> <span class='ocrx_word' id='word_1_357' title='bbox 2361 4302 2471 4371; x_wconf 89' lang='lat' dir='ltr'><strong>est</strong></span> <span class='ocrx_word' id='word_1_358' title='bbox 2488 4350 2511 4385; x_wconf 94' lang='lat'><strong>,</strong></span> <span class='ocrx_word' id='word_1_359' title='bbox 2572 4305 2899 4397; x_wconf 87' lang='lat' dir='ltr'><strong>sequetur</strong></span> <span class='ocrx_word' id='word_1_360' title='bbox 2914 4353 2936 4386; x_wconf 93' lang='lat'><strong>,</strong></span> <span class='ocrx_word' id='word_1_361' title='bbox 2984 4296 3183 4394; x_wconf 91' lang='lat' dir='ltr'><strong>quod</strong></span> <span class='ocrx_word' id='word_1_362' title='bbox 3224 4294 3603 4370; x_wconf 89' lang='lat' dir='ltr'><strong>dolendum</strong></span> 
     </span>
     <span class='ocr_line' id='line_1_33' title="bbox 567 4412 3603 4521; baseline -0.001 -30"><span class='ocrx_word' id='word_1_363' title='bbox 567 4415 844 4491; x_wconf 84' lang='lat' dir='ltr'><strong>facilius</strong></span> <span class='ocrx_word' id='word_1_364' title='bbox 897 4440 1122 4516; x_wconf 84' lang='lat' dir='ltr'><strong>quam</strong></span> <span class='ocrx_word' id='word_1_365' title='bbox 1187 4417 1588 4521; x_wconf 78' lang='lat' dir='ltr'><strong>negandum</strong></span> <span class='ocrx_word' id='word_1_366' title='bbox 1652 4416 1810 4519; x_wconf 85' lang='lat' dir='ltr'><strong>quis</strong></span> <span class='ocrx_word' id='word_1_367' title='bbox 1867 4418 2170 4507; x_wconf 85' lang='lat' dir='ltr'><strong>evincet,</strong></span> <span class='ocrx_word' id='word_1_368' title='bbox 2233 4418 2308 4492; x_wconf 90' lang='lat' dir='ltr'><strong>in</strong></span> <span class='ocrx_word' id='word_1_369' title='bbox 2351 4415 2789 4495; x_wconf 89' lang='lat' dir='ltr'><strong>institutione</strong></span> <span class='ocrx_word' id='word_1_370' title='bbox 2845 4414 3226 4490; x_wconf 89' lang='lat' dir='ltr'><strong>iuventutis</strong></span> <span class='ocrx_word' id='word_1_371' title='bbox 3270 4412 3603 4488; x_wconf 87' lang='lat' dir='ltr'><strong>Neerlan-</strong></span> 
     </span>
     <span class='ocr_line' id='line_1_34' title="bbox 569 4534 3603 4639; baseline -0.001 -28"><span class='ocrx_word' id='word_1_372' title='bbox 569 4535 768 4613; x_wconf 86' lang='lat' dir='ltr'><strong>dicae</strong></span> <span class='ocrx_word' id='word_1_373' title='bbox 819 4535 1188 4613; x_wconf 85' lang='lat' dir='ltr'><strong>hodiernae</strong></span> <span class='ocrx_word' id='word_1_374' title='bbox 1237 4537 1500 4613; x_wconf 91' lang='lat' dir='ltr'><strong>litteras</strong></span> <span class='ocrx_word' id='word_1_375' title='bbox 1563 4539 1884 4639; x_wconf 86' lang='lat' dir='ltr'><strong>antiquas</strong></span> <span class='ocrx_word' id='word_1_376' title='bbox 1941 4538 2198 4627; x_wconf 56' lang='lat' dir='ltr'><strong>studia,</strong></span> <span class='ocrx_word' id='word_1_377' title='bbox 2228 4535 2553 4636; x_wconf 83' lang='lat' dir='ltr'><strong>praebere</strong></span> <span class='ocrx_word' id='word_1_378' title='bbox 2598 4534 2932 4612; x_wconf 79' lang='lat' dir='ltr'><strong>severiora</strong></span> <span class='ocrx_word' id='word_1_379' title='bbox 2948 4592 2970 4624; x_wconf 92' lang='lat'><strong>,</strong></span> <span class='ocrx_word' id='word_1_380' title='bbox 3018 4541 3090 4609; x_wconf 92' lang='lat' dir='ltr'><strong>et</strong></span> <span class='ocrx_word' id='word_1_381' title='bbox 3134 4534 3291 4609; x_wconf 91' lang='lat' dir='ltr'><strong>ideo</strong></span> <span class='ocrx_word' id='word_1_382' title='bbox 3333 4540 3603 4632; x_wconf 86' lang='lat' dir='ltr'><strong>partem</strong></span> 
     </span>
     <span class='ocr_line' id='line_1_35' title="bbox 565 4653 3603 4758; baseline -0.001 -29"><span class='ocrx_word' id='word_1_383' title='bbox 565 4654 886 4730; x_wconf 87' lang='lat' dir='ltr'><strong>obtinere</strong></span> <span class='ocrx_word' id='word_1_384' title='bbox 927 4655 1316 4756; x_wconf 80' lang='lat' dir='ltr'><strong>digniorem</strong></span> <span class='ocrx_word' id='word_1_385' title='bbox 1363 4656 1832 4758; x_wconf 89' lang='lat' dir='ltr'><strong>verioremque</strong></span> <span class='ocrx_word' id='word_1_386' title='bbox 1878 4682 2092 4758; x_wconf 86' lang='lat' dir='ltr'><strong>quam</strong></span> <span class='ocrx_word' id='word_1_387' title='bbox 2133 4657 2545 4733; x_wconf 82' lang='lat' dir='ltr'><strong>recentiores</strong></span> <span class='ocrx_word' id='word_1_388' title='bbox 2560 4714 2582 4747; x_wconf 94' lang='lat'>‚</span> <span class='ocrx_word' id='word_1_389' title='bbox 2629 4655 2903 4735; x_wconf 85' lang='lat' dir='ltr'><strong>etiamsi</strong></span> <span class='ocrx_word' id='word_1_390' title='bbox 2946 4654 3361 4730; x_wconf 87' lang='lat' dir='ltr'><strong>concedatur</strong></span> <span class='ocrx_word' id='word_1_391' title='bbox 3411 4653 3603 4749; x_wconf 91' lang='lat' dir='ltr'><strong>quod</strong></span> 
     </span>
     <span class='ocr_line' id='line_1_36' title="bbox 568 4772 3604 4878; baseline -0.001 -29"><span class='ocrx_word' id='word_1_392' title='bbox 568 4773 868 4852; x_wconf 86' lang='lat' dir='ltr'><strong>nimium</strong></span> <span class='ocrx_word' id='word_1_393' title='bbox 920 4785 1106 4855; x_wconf 83' lang='lat' dir='ltr'><strong>esset</strong></span> <span class='ocrx_word' id='word_1_394' title='bbox 1124 4810 1172 4870; x_wconf 92' lang='lat'><strong>,·</strong></span> <span class='ocrx_word' id='word_1_395' title='bbox 1199 4776 1458 4856; x_wconf 84' lang='lat' dir='ltr'><strong>scilicet</strong></span> <span class='ocrx_word' id='word_1_396' title='bbox 1499 4776 1804 4878; x_wconf 86' lang='lat' dir='ltr'><strong>antiquis</strong></span> <span class='ocrx_word' id='word_1_397' title='bbox 1851 4778 2012 4857; x_wconf 88' lang='lat' dir='ltr'><strong>ideo</strong></span> <span class='ocrx_word' id='word_1_398' title='bbox 2057 4786 2329 4855; x_wconf 84' lang='lat' dir='ltr'><strong>tantum</strong></span> <span class='ocrx_word' id='word_1_399' title='bbox 2383 4800 2511 4853; x_wconf 89' lang='lat' dir='ltr'><strong>nos</strong></span> <span class='ocrx_word' id='word_1_400' title='bbox 2564 4776 2671 4853; x_wconf 91' lang='lat' dir='ltr'><strong>uti</strong></span> <span class='ocrx_word' id='word_1_401' title='bbox 2718 4782 2799 4852; x_wconf 92' lang='lat' dir='ltr'><strong>ut</strong></span> <span class='ocrx_word' id='word_1_402' title='bbox 2844 4772 3115 4853; x_wconf 87' lang='lat' dir='ltr'><strong>aditum</strong></span> <span class='ocrx_word' id='word_1_403' title='bbox 3160 4772 3253 4851; x_wconf 88' lang='lat' dir='ltr'><strong>ad</strong></span> <span class='ocrx_word' id='word_1_404' title='bbox 3296 4778 3604 4849; x_wconf 83' lang='lat' dir='ltr'><strong>recentes</strong></span> 
     </span>
    </p>
   </div>
  </div>
 </body>
</html>
