4766 6034
1845 641 2402 712 onArlo.
3108 642 3127 652 ·
3400 627 3415 642 “
3564 647 3649 713 π

615 861 766 931 tum
809 853 1006 931 foret.
1106 853 1350 931 Unum
1413 851 1589 929 mihi
1630 853 2000 944 reservavi,
2064 852 2256 953 quod
2305 851 2553 929 ultimo
2606 849 2757 928 loco
2813 851 3095 928 nomino
3114 910 3135 942 ,
3202 877 3342 953 quo
3394 854 3652 931 maiore

613 973 681 1048 vi
723 974 1163 1074 pronuntiem
1187 1032 1208 1064 ,
1258 945 1538 1075 quoque
1585 973 1856 1050 firmius
1901 981 1972 1052 et
2019 973 2364 1050 recentius
2406 973 2805 1050 auditorum
2848 972 3100 1050 animis
3142 974 3651 1076 memoriaeque

611 1094 985 1170 inhaereat.
1089 1094 1528 1194 Cuicumque
1582 1094 1925 1172 bonarum
1977 1096 2234 1170 artium
2279 1094 2465 1170 salus
2524 1095 2894 1196 cultusque
2950 1095 3143 1170 cordi
3202 1103 3307 1172 est
3322 1153 3342 1184 ‚
3416 1121 3651 1172 assen-

611 1214 827 1291 tiatur
891 1214 1067 1290 mihi
1137 1239 1416 1292 necesse
1480 1221 1588 1291 est
1649 1237 2068 1314 magnopere
2127 1211 2506 1288 dolendum
2580 1237 2731 1288 esse
2749 1271 2770 1303 ,
2848 1197 3039 1312 quod
3103 1214 3522 1290 astronomia
3576 1214 3653 1291 in

610 1333 995 1410 Academia
1035 1343 1270 1412 nostra
1320 1337 1624 1436 relegata
1671 1335 1763 1410 sit
1803 1335 1879 1410 in
1921 1341 2184 1408 turrem
2231 1332 2345 1408 vix
2391 1329 2558 1408 satis
2598 1333 2897 1434 amplam
2919 1392 2940 1424 ,
2986 1360 3165 1434 quae
3194 1335 3473 1412 ciconiis
3501 1335 3649 1411 ido-

478 1460 500 1480 ⁰
611 1479 823 1530 neum
872 1455 1121 1532 nidum
1167 1457 1526 1556 praebeat!

706 1575 1108 1652 Dolendum
1126 1636 1147 1665 ,
1215 1577 1370 1652 dico
1386 1637 1408 1666 ‚
1475 1575 1808 1678 quoniam
1861 1599 1947 1651 eo
2001 1571 2276 1674 turpius
2343 1571 2803 1648 astronomiae
2864 1573 3213 1650 docendae
3268 1574 3653 1651 necessaria

611 1701 957 1793 negantur
1021 1695 1334 1772 aedificia
1391 1703 1463 1772 et
1487 1783 1505 1798 .
1527 1695 1840 1795 subsidia
1857 1753 1880 1785 ,
1947 1719 2087 1794 quo
2151 1693 2401 1770 laetius
2466 1692 2617 1768 eius
2682 1693 2996 1768 studium
3051 1702 3288 1794 posset
3345 1694 3650 1771 efflorere

611 1814 1068 1890 astronomiae
1134 1797 1410 1892 doctore
1425 1874 1448 1906 ,
1517 1816 1744 1916 qualis
1795 1823 1902 1892 est
1947 1815 2328 1891 Kusnnus
2389 1821 2623 1888 noster
2640 1871 2661 1902 ,
2721 1814 3055 1890 iuvenum
3112 1815 3344 1891 studia
3410 1816 3649 1892 mode-

609 1940 825 2009 rante.
893 1929 1178 2035 'Itaque
1222 1935 1653 2038 intelligant,
1721 1935 1924 2012 velim
1943 1995 1964 2024 ,
2027 1941 2242 2035 atque
2289 1933 2753 2034 persuadeant
2800 1934 2934 2009 sibi
2954 1993 2975 2024 ,
3024 1933 3171 2040 qui·
3197 1934 3651 2035 Reipublicae

609 2061 882 2129 nostrae
944 2066 1310 2154 praesunt,
1381 2058 1492 2133 sui
1549 2083 1700 2134 esse
1743 2055 1948 2164 officii
1971 2115 1992 2144 ,
2060 2055 2240 2132 tueri
2283 2079 2433 2132 rem
2451 2113 2471 2144 ‚
2522 2079 2730 2155 quam
2786 2054 2966 2130 bene
3012 2062 3449 2156 procuratam
3502 2081 3652 2131 esse

609 2174 825 2248 totius
872 2167 1000 2250 civi
1009 2177 1170 2252 tatis
1219 2202 1433 2276 quam
1481 2178 1783 2254 maxime
1829 2178 2136 2252 interest.

707 2294 910 2369 Grati
957 2296 1398 2395 agnoscimus
1417 2356 1438 2387 ,
1489 2321 1666 2397 quae
1709 2298 1802 2374 ad
1852 2321 2000 2372 rem
2051 2304 2196 2371 tam
2241 2301 2523 2396 gravem
2570 2296 3109 2396 promovendam
3130 2357 3137 2366 .
3158 2297 3233 2373 in
3298 2295 3652 2374 Ordinum

613 2413 1058 2491 Generalium
1140 2441 1468 2494 consessu
1552 2417 1833 2521 publico
1914 2415 2107 2492 omni
2185 2417 2429 2526 ardore
2502 2417 2731 2492 conati
2804 2421 2971 2492 sunt
3042 2416 3171 2491 viri
3237 2415 3651 2518 amplissimi

615 2534 912 2610 Gnvnns
964 2559 1114 2610 vm
1161 2539 1606 2617 Ennnennsr
1655 2545 1727 2616 et
1773 2539 2138 2614 Bossan.

710 3016 1045 3094 Pervenio
1062 3077 1082 3108 ‚
1107 3019 1524 3096 Auditores!
1556 3020 1648 3097 ad
1670 3019 1998 3096 orationis
2024 3017 2600 3096 iucundissimam
2621 3022 2885 3117 partem
2909 3050 2927 3105 ;
2963 3015 3220 3093 scilicet
3247 3016 3322 3093 in
3348 3042 3432 3093 eo
3457 3040 3615 3093 sum
3630 3074 3651 3105 ,

611 3143 695 3211 ut
761 3138 1060 3214 strenuis
1133 3140 1516 3241 gnavisque
1583 3139 1952 3233 iuvenibus
1969 3198 1990 3229 ,
2055 3139 2314 3239 quibus
2380 3136 2818 3240 quaestiones
2862 3162 2907 3212 a
2950 3136 3243 3237 singulis
3290 3136 3653 3214 ordinibus

611 3256 1023 3333 academicis
1068 3259 1454 3361 propositas
1500 3261 1758 3337 solvere
1785 3259 2115 3359 contigit,
2143 3283 2515 3339 nummum
2538 3280 2829 3334 aureum
2869 3258 3175 3333 tribuam
3193 3316 3214 3348 ,
3256 3283 3397 3359 quo
3434 3257 3654 3359 Regis

609 3376 1121 3476 Angustissimi
1161 3380 1519 3456 Guilielmi
1562 3381 1750 3457 tertii
1796 3379 2170 3457 liberalitas
2216 3388 2288 3455 et
2328 3376 2805 3455 munificentia
2852 3399 2969 3452 eos
3016 3378 3261 3483 donari
3313 3376 3552 3455 voluit.

709 3497 963 3595 Itaque
1009 3522 1179 3599 rogo
1225 3500 1474 3576 Virum
1509 3500 1992 3577 Clarissimum
2007 3560 2030 3591 ,
2072 3500 2196 3602 qui
2218 3508 2501 3577 senatus
2522 3497 2742 3575 nostri
2762 3505 2918 3574 acta
2942 3506 3171 3589 curat,
3195 3506 3279 3575 ut
3301 3499 3652 3575 Ordinum

609 3614 1189 3693 Academicorum
1231 3618 1490 3697 iudicia
1534 3620 1812 3711 recitet;
1861 3619 1914 3695 ii
1970 3646 2128 3697 vero
2142 3680 2163 3712 ,
2213 3645 2513 3722 quorum
2556 3620 2839 3696 nomina
2890 3620 3019 3697 ille'
3041 3622 3391 3713 evocabit,
3438 3645 3653 3725 prope

616 3734 708 3810 ad
754 3760 868 3811 me
917 3737 1321 3816 accedunto.

645 4104 652 4111 ’
713 4098 832 4173 Ad
891 4097 1159 4201 ingenii
1226 4126 1307 4177 ac
1380 4101 1729 4181 doctrinae
1797 4103 2078 4180 laudem
2151 4108 2224 4177 et
2289 4090 2385 4177 ad
2449 4100 2757 4204 praemia
2806 4100 3160 4203 proposita
3214 4101 3504 4203 quinam
3551 4098 3657 4177 illi

619 4216 759 4293 sint
797 4220 922 4320 qui
969 4220 1454 4320 aspiraverint,
1525 4223 1648 4323 qui
1693 4247 2052 4301 successus
2097 4232 2168 4299 et
2215 4228 2505 4298 eventus
2522 4279 2545 4311 ,
2588 4244 2933 4320 quaenam
2971 4246 3211 4298 eorum
3249 4219 3653 4322 scriptiones

623 4336 922 4430 fuerint,
971 4341 1248 4440 publice
1302 4344 1694 4445 expositum
1747 4352 1876 4423 est.

699 4458 838 4534 ·Nil
898 4460 1042 4537 iam
1109 4469 1366 4554 restat,
1433 4463 1570 4541 nisi
1624 4472 1708 4540 ut
1765 4464 2072 4565 praemia
2133 4462 2510 4540 victoribus
2570 4460 2991 4543 distribuam.
3035 4470 3106 4538 et
3159 4460 3515 4539 victoriam
3564 4460 3653 4536 iis

616 4578 956 4677 gratuler:
1009 4606 1210 4659 nam:
3105 4600 3117 4623 ⁶

1467 4738 1654 4798 Aurea
1693 4736 1782 4797 cui
1819 4736 2026 4799 blando
2065 4738 2190 4799 risit
2229 4736 2463 4799 victoria
2500 4736 2654 4799 vultu

1547 4838 1952 4921 notitiamque
1991 4840 2105 4903 suis
2145 4840 2254 4903 fert
2291 4838 2607 4923 patriaeque
2642 4836 2830 4903 decus.
