4766 6034
1244 614 1331 682 94
2457 612 2533 681 Η.
2602 614 2671 682 Ε.
2744 610 3093 683 VINKE

1157 906 1162 913 ,
1242 847 1522 923 quoque
1585 820 1908 897 Ecclesiis
1965 820 2135 896 certi
2201 820 2501 920 denique
2568 824 2743 898 fines
2759 882 2780 912 ,
2851 824 3032 899 ultra
3076 847 3256 924 quos
3302 824 3378 897 in
3428 823 3742 899 docendo
3784 826 4081 927 progredi
4118 830 4220 905 mi·

1243 943 1431 1019 nime
1491 942 1758 1017 licitum
1812 942 1946 1030 sit,
2022 940 2153 1016 n‘ec
2198 943 2749 1019 commendanda
2795 946 3003 1044 plena
3054 952 3163 1021 est
3213 943 3495 1021 libertas
3540 946 3631 1020 ad
3683 958 4062 1046 praesentes
4100 950 4221 1025 lites

1242 1063 1750 1164 componendas
1775 1064 1929 1156 ¹³⁸).

1337 1306 1498 1413 Alia
1543 1306 1762 1405 igitur
1805 1303 2112 1379 ineunda
2161 1312 2268 1379 est
2320 1303 2467 1394 via,
2524 1312 2595 1381 et
2640 1332 2721 1382 ea
2773 1307 3057 1405 quidem
3086 1364 3107 1395 ,
3172 1330 3329 1381 meo
3374 1304 3632 1381 iudicio
3655 1365 3675 1394 ,
3724 1329 3939 1405 quam
3990 1306 4221 1379 demon-

1241 1434 1413 1502 strat
1449 1426 1776 1502 orationis
1817 1450 2011 1501 meae
2051 1432 2565 1524 argumentum.
2636 1427 2978 1503 Memoria
3026 1426 3357 1502 nimirum
3398 1426 3701 1501 tenenda
3748 1434 3860 1501 est
3907 1432 3974 1499 et
4012 1425 4074 1498 in
4108 1448 4218 1497 om-

1239 1548 1439 1622 nium
1481 1546 1730 1622 animis
1767 1546 2231 1647 imprimenda
2269 1571 2428 1622 vera
2467 1547 2634 1622 fidei
2678 1548 3113 1624 Christianae
3153 1548 3363 1623 notio.
3436 1548 3673 1626 Quam
3718 1545 3777 1620 si
3820 1545 4219 1631 attendimus,

1238 1693 1377 1742 non
1441 1668 1666 1742 omnis
1727 1666 2013 1767 quidem
2078 1665 2306 1742 deleta
2365 1667 2495 1741 erit
2560 1692 2799 1768 pugna
2864 1678 3074 1767 atque
3135 1666 3511 1753 dissensio;
3584 1665 3709 1740 sed
3752 1666 3825 1740 in
3882 1664 4220 1739 necessariis

1239 1788 1751 1863 consentiemus
1770 1847 1790 1877 ,
1861 1796 1936 1862 et
1998 1787 2086 1861 de
2131 1788 2376 1864 ceteris
2425 1788 2648 1864 amica
2698 1788 2829 1863 erit
2878 1788 3277 1887 disputatio,
3379 1787 3593 1866 Quod
3640 1794 3724 1860 ut
3775 1793 4038 1885 pateat,
4096 1808 4217 1882 age·

1243 1910 1413 1985 dum
1432 1968 1453 1998 ,
1501 1910 1577 1983 in
1623 1908 2026 1983 memoriam
2075 1907 2274 1982 nobis
2319 1932 2723 1984 revocemus
2745 1968 2765 2000 ,
2817 1934 2997 2009 quae
3048 1932 3207 1985 vera
3248 1907 3414 1983 fidei
3454 1906 3888 1984 Christianae
3922 1905 4091 1979 notio
4124 1904 4218 1989 sit,

1237 2037 1392 2104 tum
1439 2028 1732 2115 obiecti,
1785 2033 1940 2101 tum
1987 2026 2240 2102 indolis
2287 2028 2552 2103 ratione
2601 2029 2859 2106 habita.

1347 2271 1694 2343 Obiectu‘m
1759 2269 1910 2343 eius
1975 2274 2083 2341 est
2100 2326 2120 2355 ‚
2189 2292 2276 2343 ex
2335 2269 2511 2344 Isso
2578 2276 2649 2343 et
2705 2268 3225 2366 Apostolorum
3260 2265 3697 2341 institutione
3720 2326 3741 2355 ,
3810 2273 3889 2341 ut
3934 2265 4213 2349 vidimus,

1239 2392 1545 2465 doctrina
1565 2447 1586 2477 ‚
1645 2412 1858 2488 quam
1914 2388 2464 2479 denunciarunt,
2517 2388 2590 2463 in
2638 2387 2880 2489 primis
2926 2388 3379 2488 Evangelium
3396 2443 3417 2476 ,
3480 2386 3779 2461 maxime
3834 2386 3981 2485 ipse
4038 2386 4213 2459 Cam·

1238 2532 1410 2585 smus
1426 2567 1447 2599 ,
1516 2509 1766 2584 unicus
1829 2508 2194 2585 hominum
2243 2508 2733 2598 conservator,
2781 2509 3113 2608 Deaeque
3132 2566 3153 2598 ,
3209 2508 3334 2606 qui
3380 2506 3609 2581 dando
3661 2506 3782 2602 illo
3798 2565 3819 2595 ,
3868 2528 4053 2581 suam
4094 2526 4213 2601 erga

1235 2652 1366 2704 nos
1423 2626 1974 2703 benevolentiam
2016 2627 2096 2703 in
2143 2627 2295 2703 luce
2343 2628 2719 2704 collocavit.
2804 2628 3251 2706 Quibuscum
3296 2626 3781 2715 consentiunt,
3832 2634 3913 2701 ut
3958 2624 4211 2727 probavi·

1237 2771 1400 2822 mus
1419 2806 1439 2836 ,
1511 2772 1690 2845 quae
1759 2771 2105 2823 sacrorum
2169 2748 2677 2825 Instauratores
2738 2748 3145 2823 docuerunt.
3234 2746 3393 2821 Hoc
3450 2746 3667 2847 igitur
3734 2746 4071 2822 obiectum
4108 2743 4210 2818 fide

1239 2866 1739 2965 amplectamur
1784 2890 2062 2940 necesse
2109 2874 2234 2942 est.
2335 2867 2539 2957 Quod
2586 2867 2711 2965 qui
2755 2867 3018 2966 spernit
3054 2874 3127 2941 et
3169 2867 3530 2975 repudiat,
3572 2868 3634 2942 is
3653 2926 3675 2957 ,
3722 2866 3912 2965 quod
3940 2862 4213 2941 moderati

1237 2986 1446 3062 etiam
1495 3010 1790 3086 vereque
1831 2985 2146 3062 liberales
2197 2986 2533 3088 Theologi
2577 2995 2998 3089 agnoscunt,
3053 3012 3182 3064 nec
3219 2988 3536 3064 Cnms'm
3571 2986 3953 3087 discipulus
3971 3047 3990 3077 ‚
4033 2984 4213 3061 Eccle-

1235 3108 1516 3207 siaeque
1559 3107 1998 3184 Reformatae
2045 3107 2271 3184 socius
2316 3108 2453 3183 dici
2500 3115 2765 3210 potest,
2816 3133 2945 3184 nec
2982 3109 3275 3184 docendi
3312 3133 3600 3184 munere
3635 3106 3840 3208 fungi
3864 3109 4011 3202 ¹³⁸).
4076 3105 4217 3180 Con·

1233 3235 1341 3303 tra
1407 3229 1533 3327 qui
1583 3229 1712 3302 hoc
1762 3227 2114 3303 obiectum
2167 3236 2403 3305 mente
2448 3237 2521 3305 et
2567 3231 2799 3307 animo
2849 3228 3372 3331 comprehendit
3412 3237 3744 3330 tenetque
3760 3287 3782 3318 ,
3850 3228 3911 3304 is
3934 3288 3955 3318 ,
4012 3228 4217 3326 quippe

1235 3373 1394 3424 vera
1444 3348 1584 3423 fide
1632 3345 1950 3422 imbutus
1970 3406 1989 3436 ,
2046 3348 2117 3423 et
2162 3374 2536 3449 germanus
2584 3351 2899 3426 Cmus'n
2954 3350 3336 3450 discipulus
3378 3357 3591 3450 atque
3638 3350 3986 3425 Ecclesiae
4025 3347 4218 3423 Refor-

1232 3475 1462 3544 matae
1509 3468 1734 3542 socius
1777 3477 1885 3544 est
1931 3467 2330 3560 habendus,
2383 3495 2611 3570 neque
2654 3497 2696 3547 a
2743 3472 3039 3546 docendi
3074 3495 3361 3546 munere
3396 3469 3845 3546 amovendus.
3922 3471 4017 3544 At
4050 3489 4217 3567 quse·

1235 3594 1343 3662 rat
1399 3588 1582 3660 forte
1639 3588 1839 3685 quis:
1909 3580 2079 3662 tune
2123 3588 2339 3687 igitur
2392 3591 2740 3670 Ecclesiae
2784 3601 3056 3668 nostrae
3098 3591 3311 3666 libros
3364 3591 3779 3690 symbolicos
3822 3589 4015 3665 nihili
4051 3586 4189 3662 facis
4202 3640 4218 3668 ,

1235 3716 1306 3784 et
1359 3709 1791 3808 abrogandos
1857 3733 1976 3784 eos
2035 3734 2185 3784 esse
2242 3735 2481 3787 censes
2504 3770 2524 3800 ,
2586 3737 2763 3810 quos
2834 3721 3067 3788 tamen
3132 3711 3443 3787 Ecclesia
3505 3718 3577 3787 et
3616 3711 3787 3796 olim
3830 3709 4068 3810 recepit
4100 3727 4221 3780 εω-

1235 3828 1532 3930 piusque
1575 3830 2047 3918 confirmavit,
2111 3855 2238 3906 nec
2277 3832 2368 3906 ad
2414 3833 2601 3906 hunc
2656 3857 2875 3931 usque
2902 3831 3109 3907 ·'diem
3158 3833 3447 3906 reiecit?
3514 3831 3813 3907 Minime
3856 3854 4039 3905 vero:
4084 3848 4219 3902 con·

1233 3959 1344 4025 tra
1405 3949 1643 4049 magni
1699 3949 1853 4024 illos
1902 3949 2191 4024 aestimo
2211 4009 2232 4039 ,
2305 3975 2676 4050 veramque
2721 3949 3201 4051 patefactionis
3244 3947 3517 4024 divinae
3556 3949 3934 4024 doctrinam
3976 3935 4051 4021 iis
4084 3968 4221 4018 con-

1233 4069 1439 4144 tineri
1485 4068 1659 4145 mihi
1705 4077 1812 4145 est
1853 4070 2483 4169 persuasissimum.
2586 4071 2727 4146 Sed
2768 4072 2957 4146 idem
3000 4069 3343 4145 contendo
3364 4127 3385 4158 ,
3451 4069 3787 4144 nonnulla
3834 4069 3905 4142 in
3946 4067 4025 4141 iis
4058 4085 4219 4161 repe·

1233 4191 1350 4265 riri
1369 4249 1390 4280 ,
1453 4213 1632 4289 quae
1682 4188 1790 4263 vel
1850 4190 2236 4266 accuratius
2293 4191 2731 4266 enuncianda
2766 4198 3040 4279 essent,
3099 4190 3207 4265 vel
3244 4189 3453 4264 nimis
3504 4195 3824 4264 accurate
3870 4188 4041 4262 dicta
4072 4183 4215 4258 sint:

1233 4333 1530 4408 quorum
1587 4305 2080 4407 posterioribus
2145 4309 2368 4407 aptior
2426 4309 2600 4384 mihi
2648 4310 2934 4407 quidem
2982 4310 3174 4385 locus
3222 4333 3373 4384 esse
3429 4307 3703 4384 videtur
3756 4308 3832 4384 in
3894 4299 4219 4399 Theologia

1237 4429 1626 4530 dogmatica
1649 4481 1674 4522 ,
1734 4452 1950 4527 quam
2003 4428 2076 4503 in
2131 4428 2615 4505 confessione:
2668 4429 2926 4529 quippe
2989 4454 3169 4529 quae
3220 4428 3703 4530 philosopham
3768 4427 4061 4528 ipsorum
4110 4420 4215 4494 do·

1235 4558 1550 4648 gmatum
1613 4549 1783 4623 dent
1837 4548 2385 4649 explicationem.
2456 4550 2707 4649 Itaque
2758 4575 2889 4626 nec
2931 4549 3423 4626 contemnendi
3464 4555 3672 4636 sunt,
3723 4547 3851 4646 qui
3890 4546 4109 4621 horum
4136 4537 4207 4612 li·

1233 4669 1517 4742 brorum
1562 4667 2041 4744 auctoritatem
2086 4693 2485 4746 conservare
2534 4695 2613 4745 ac
2660 4671 2843 4745 tueri
2889 4671 3259 4758 studeant3
3312 4695 3441 4746 nec
3490 4692 3648 4744 vero
3686 4668 3896 4744 etiam
3930 4663 4208 4741 condem·

1231 4788 1444 4864 nandi
1467 4847 1487 4877 ,
1547 4793 1756 4886 atque
1801 4812 1888 4864 ex
1931 4789 2238 4866 Ecclesia
2287 4790 2701 4868 excludendi
2723 4849 2744 4882 ,
2803 4792 2926 4890 qui
2945 4849 2964 4881 ,
3022 4791 3113 4867 ad
3158 4791 3345 4891 ipsos
3392 4791 3604 4867 libros
3654 4786 4047 4888 symbolioos
4080 4802 4205 4880 pro·
