4766 6034
1870 637 2442 722 ORATIO.
3305 729 3318 742 ⁶
3601 636 3686 700 87

644 855 902 930 lumem
974 856 1398 926 reservatum
1458 849 1562 926 iri.
1688 847 1953 924 Verum
2022 848 2213 924 haud
2277 847 2522 948 ignoro
2543 904 2563 935 ,
2633 843 2776 920 Vos
2835 870 2877 920 a
2935 844 3212 919 doctore
3263 843 3684 919 Academico

644 972 991 1074 postulare
1010 1030 1031 1060 ‚
1082 978 1163 1046 ut
1216 970 1309 1044 ad
1352 970 1735 1046 iuventutis
1780 969 2143 1046 commoda
2182 966 2652 1068 promovenda
2685 965 2962 1040 nullum
2999 964 3309 1064 negligat
3347 964 3686 1052 officium,

644 1091 778 1168 sibi
824 1088 1347 1166 demandatum.
1415 1090 1555 1164 Sed
1603 1090 1945 1174 declarare
1976 1114 2115 1164 non
2163 1113 2394 1164 vereor
2411 1146 2432 1177 ,
2482 1086 2691 1175 mihi,
2741 1085 3060 1187 quamvis
3095 1084 3344 1159 virium
3377 1108 3693 1164 mearum

644 1211 1057 1288 tenuitatem
1117 1210 1609 1308 persentiscam
1628 1269 1649 1300 ,
1719 1211 2053 1286 sinceram
2127 1209 2374 1284 saltem
2435 1208 2863 1282 voluntatem
2919 1230 3058 1280 non
3113 1205 3354 1280 deesse
3402 1227 3690 1278 munere
3774 1262 3786 1276 .

646 1356 799 1408 meo
837 1330 1153 1430 religiose
1200 1330 1563 1430 fungendi.
1664 1329 1883 1406 Vobis
1916 1329 2242 1405 omnibus
2279 1328 2536 1428 gratias
2577 1351 2709 1426 ago
2727 1384 2747 1415 ,
2798 1325 2988 1425 quod
3027 1324 3414 1426 praesentia
3443 1323 3694 1400 Vestra

648 1451 1227 1526 desideratissima
1266 1451 1397 1526 hoc
1442 1449 1747 1527 solemne
1791 1476 2035 1528 ornare
2078 1475 2217 1526 non
2262 1449 2652 1524 recusastis.
2726 1446 2941 1525 Quod
2982 1447 3194 1522 etiam
3228 1445 3390 1520 Tibi
3425 1445 3694 1520 dictum

646 1570 979 1670 accipias,
1028 1568 1191 1645 Vir
1229 1569 1838 1660 Gravissima,
1888 1555 2223 1646 Gevers
2270 1593 2434 1648 van
2474 1568 3032 1666 Endegeest!
3088 1591 3299 1666 quem
3339 1566 3398 1640 si
3427 1567 3694 1640 clarum

647 1691 832 1765 hunc
869 1691 945 1766 in
976 1691 1203 1766 locum
1252 1689 1343 1768 ab
1385 1690 1907 1790 Angustissimo
1946 1692 2144 1789 Rege
2180 1697 2500 1765 vocatum
2532 1687 2849 1763 videmus
2864 1745 2884 1776 ,
2922 1695 3004 1762 ut
3029 1687 3383 1762 Curatoris
3411 1684 3692 1760 nomine
3821 1717 3834 1727 ·

646 1810 1061 1885 Academiae
1106 1819 1423 1910 praeesse
1462 1810 1799 1909 inciperes
1820 1869 1839 1898 ,
1891 1809 2085 1884 haud
2126 1810 2267 1885 scio
2312 1808 2641 1907 equidem
2681 1817 2920 1883 utrum
2973 1807 3197 1907 magis
3238 1806 3402 1882 huic
3443 1806 3693 1881 doctri·-

647 1955 893 2006 narum
960 1930 1149 2019 sedi,
1220 1955 1311 2005 an
1378 1930 1539 2005 Tibi
1600 1931 2099 2031 gratulandum
2154 1931 2265 2006 sit.
2368 1931 2468 2004 Te
2519 1937 2753 2004 autem
2774 1988 2794 2018 ,
2855 1937 2927 2003 et
2971 1927 3117 2003 Vos
3165 1951 3444 2016 omnes,
3493 1926 3697 2002 Viri

647 2050 1334 2139 Illustrissimi,
1382 2051 1580 2126 Deus
1633 2050 2097 2150 Omnipotens
2145 2050 2448 2149 benigne
2499 2057 2812 2138 tueatur,
2867 2047 3130 2148 diuque
3175 2049 3363 2123 hunc
3406 2047 3696 2123 laetissi-

650 2195 845 2246 mum
905 2195 1110 2246 curae
1178 2170 1465 2245 Vestrae
1527 2171 1747 2246 Vobis
1805 2171 2133 2271 praebeat
2200 2171 2506 2246 fructum
2530 2229 2550 2258 ,
2616 2177 2700 2244 ut
2747 2171 2928 2246 hanc
2972 2168 3424 2244 Academiam
3475 2169 3700 2269 magis

652 2289 1015 2390 magisque
1061 2292 1423 2366 florentem
1470 2290 1781 2366 videatis.

748 2411 1071 2486 Secundo
1121 2411 1271 2486 loco
1310 2410 1400 2486 ad
1445 2408 1589 2485 Vos
1637 2435 1751 2486 me
1790 2419 2152 2501 converto,
2201 2411 2469 2486 huius
2517 2408 3052 2484 Academiae
3100 2409 3697 2497 Professores,

652 2529 839 2605 Viri
884 2529 1374 2606 Clarissimi
1428 2537 1512 2605 et
1558 2531 2221 2630 Spectatissimil
2274 2557 2450 2632 quos
2499 2530 2589 2606 ab
2635 2530 2764 2605 hac
2811 2529 2980 2604 hora
3023 2530 3320 2631 collegas
3354 2531 3698 2630 appellare

650 2650 823 2726 mihi
886 2651 1140 2727 licebit.
1264 2651 1561 2730 Quoties
1634 2677 1957 2728 coronam
2028 2651 2354 2727 Vestram
2427 2650 2956 2750 inclytissimam
3028 2649 3247 2725 oculis
3311 2651 3652 2749 perlustro
3676 2709 3697 2739 ,

650 2771 1007 2846 tenuitatis
1056 2795 1251 2846 meae
1288 2771 1705 2872 cogitatione
1746 2773 2115 2873 deprimor.
2218 2774 2450 2847 Antea
2467 2829 2487 2860 ,
2539 2795 2760 2870 quum
2799 2752 3009 2846 huius
3048 2771 3466 2847 Academiae
3511 2795 3701 2846 eram

650 2889 972 2986 alumnus
992 2949 1013 2981 ,
1082 2889 1412 2967 Vestrum
1485 2893 1804 2968 nonnulli
1865 2894 2008 2970 iam
2072 2892 2486 2968 Professoris
2538 2914 2826 2966 munere
2874 2890 3351 2992 fungebantur
3367 2950 3388 2981 ,
3439 2916 3698 2991 eosque

652 3010 781 3086 hoc
823 3011 977 3112 ipso
1027 3010 1102 3087 in
1142 3012 1291 3088 loco
1339 3037 1503 3087 cum
1548 3013 1929 3090 reverentia
1975 3011 2464 3114 adspiciebam.
2569 3010 2783 3090 Quod
2831 3034 3052 3109 quum
3094 3035 3370 3087 mecum
3408 3020 3656 3111 reputo
3678 3070 3699 3100 ,

502 3190 508 3197 .
655 3132 874 3207 menti
937 3142 1169 3207 metus
1238 3133 1590 3234 subrepit,
1641 3159 1729 3209 ne
1774 3133 2055 3208 inferior
2101 3132 2232 3206 sim
2284 3155 2497 3230 quam
2541 3137 2622 3204 ut
2668 3130 2998 3205 Vestrum
3049 3130 3122 3204 in
3167 3131 3482 3206 ordinem
3529 3131 3698 3206 reci-

654 3250 822 3351 piar.
925 3251 1025 3325 At
1097 3274 1257 3325 vero
1318 3252 1632 3327 animum
1690 3259 1951 3327 recreat
2006 3250 2387 3326 recordatio
2438 3248 2728 3325 Vestrae
2773 3276 2939 3351 erga
2985 3276 3099 3327 me
3140 3250 3658 3326 benevolentiae
3678 3308 3697 3339 ‚

654 3394 864 3469 quam
927 3369 1153 3444 tribus
1214 3369 1467 3444 abhinc
1534 3372 1675 3445 fere
1741 3372 1943 3447 annis
2006 3372 2395 3447 luculenter
2447 3369 2796 3445 testificati
2845 3371 3012 3446 estis
3033 3430 3054 3461 ,
3103 3396 3326 3473 quum
3369 3370 3701 3446 honorem

652 3489 1056 3565 Doctoris
1126 3470 1651 3589 Theolog‘iae
1710 3490 1785 3565 in
1842 3516 1957 3566 me
2016 3490 2437 3587 conferretis.
2539 3490 2635 3563 Et
2686 3490 2816 3566 hoc
2863 3492 3036 3567 mihi
3084 3492 3502 3568 documento
3553 3498 3699 3581 est,

655 3609 827 3708 quid
885 3610 1059 3683 mihi
1112 3634 1299 3684 nunc
1354 3609 1442 3683 de
1494 3609 1713 3685 Vobis
1774 3636 2048 3711 sperare
2098 3611 2382 3709 possim.
2484 3608 2644 3685 Vos.
2673 3609 2994 3686 dubitare
3038 3612 3250 3686 nolite
3268 3670 3288 3701 ,
3339 3612 3511 3711 quin
3555 3603 3699 3687 sin-

652 3729 826 3805 ceris
894 3730 1070 3804 meis
1136 3729 1210 3803 in
1260 3728 1437 3804 votis
1506 3729 1634 3819 sit,
1702 3739 1783 3806 ut
1831 3732 2029 3806 Deus
2077 3730 2339 3805 multos
2382 3754 2507 3829 per
2557 3754 2774 3805 annos
2824 3730 2970 3807 Vos
3014 3732 3394 3807 incolumes
3439 3740 3699 3821 servet,

654 3850 729 3925 in
780 3850 1076 3927 salutem
1128 3848 1511 3924 iuventutis
1558 3848 2015 3925 Academicae
2064 3856 2136 3924 et
2182 3850 2572 3925 carissimae
2621 3849 2914 3925 Patriae.

757 3968 901 4043 Vos
966 3976 1203 4044 autem
1273 3968 1591 4068 inprimis
1652 3970 2112 4068 compellandi
2173 3971 2383 4060 estis,
2432 3970 2616 4044 Viri
2673 3970 3171 4060 Clarissimi,
3221 3971 3699 4047 Facultatis

658 4088 1230 4189 Theologicae
1294 4090 1887 4165 Professores!
1958 4090 2379 4189 quibuscum
2433 4090 2738 4165 muneris
2785 4091 3049 4166 ratione
3092 4090 3376 4166 arctiore
3427 4092 3699 4165 vinculo

654 4208 1066 4285 coniunctus
1118 4233 1296 4284 sum.
1399 4209 1595 4288 Quid
1636 4210 1892 4286 mirum
1911 4268 1933 4301 ,
1983 4210 2043 4285 si
2091 4210 2327 4285 dixero
2345 4267 2365 4298 ,
2417 4234 2531 4284 me
2572 4235 2713 4285 non
2767 4210 2904 4284 nisi
2948 4211 3213 4308 trepide
3254 4211 3433 4284 hanc
3466 4210 3695 4283 cathe-

656 4326 858 4403 dram
921 4328 1357 4403 adscendisse
1378 4387 1398 4417 ,
1468 4337 1550 4403 ut
1615 4330 1866 4405 Vestro
1940 4331 2015 4406 in
2087 4331 2329 4405 ordine
2391 4330 2621 4405 locum
2673 4332 3156 4430 capesseremi’
3225 4327 3505 4403 Etenim
3553 4326 3698 4402 Vos

653 4470 880 4545 quum
941 4448 1215 4523 intueor
1231 4507 1251 4537 ,
1322 4473 1463 4523 non
1533 4450 1874 4528 minorem
1944 4451 2121 4526 mihi
2182 4450 2605 4551 provinciam
2666 4450 3158 4525 demandatam
3223 4472 3371 4522 esse
3436 4448 3658 4522 sentio
3678 4506 3698 4535 ,

654 4590 871 4665 quam
936 4567 1099 4643 viris
1118 4627 1138 4657 ,
1224 4568 1347 4667 qui
1414 4567 1721 4644 siderum
1787 4570 2005 4645 instar
2058 4570 2135 4643 in
2210 4567 2338 4643 hac
2399 4566 2777 4642 Academia
2838 4565 3203 4667 splendent
3269 4574 3341 4641 et
3394 4567 3698 4642 Patriam

652 4685 1097 4777 collustrant;
1158 4696 1314 4763 tum
1363 4713 1523 4765 vero
1582 4690 1829 4766 merita
1872 4715 2151 4767 mecum
2202 4696 2452 4790 reputo
2505 4687 2656 4778 Viri
2707 4686 3275 4773 aestumatissimi
3323 4688 3360 4761 I
3378 4712 3419 4760 o
3437 4712 3540 4761 an
3558 4712 3605 4761 n
3623 4686 3647 4760 i
3665 4712 3698 4760 s

652 4804 1115 4884 Frederici
1189 4833 1354 4886 van
1419 4809 1750 4901 Oordt,
1817 4819 2259 4911 praematura
2320 4816 2544 4886 morte
2608 4808 2824 4885 literis
2897 4815 2969 4884 et
3037 4807 3380 4885 Ecclesiae
3440 4808 3696 4906 erepti,
