4766 6034
2808 511 2841 557 e

1953 621 2515 695 ORATIO.
2844 705 2851 712 ,
3670 631 3755 700 19

655 911 662 916 .
713 835 948 913 Vitam
1007 835 1204 912 Deus
1261 833 1396 934 ipsi
1459 833 1836 934 producat,
1893 841 1977 910 ut
2039 834 2218 912 hanc
2279 836 2346 912 ei
2400 833 2633 910 studio
2648 833 3148 910 continuando
3194 831 3346 912 sine
3390 833 3751 912 intumis·-

713 956 904 1034 sione
949 954 1328 1054 impendat.

809 1076 1012 1154 Quae
1055 1073 1186 1150 hoc
1227 1079 1412 1150 'anno
1455 1074 1724 1175 experti
1761 1097 2004 1152 sumus
2027 1131 2046 1163 ‚
2095 1074 2248 1150 Viri
2287 1075 2436 1150 CL!
2490 1075 2673 1152 varia
2719 1079 2903 1150 sunt.
3003 1073 3255 1150 Laetos
3309 1073 3457 1154 dies
3508 1075 3741 1152 tristes

709 1199 1162 1292 exceperunt,
1229 1193 1354 1270 sed
1415 1202 1488 1268 et
1545 1193 1750 1270 anxia
1795 1193 2181 1270 sollicitudo
2197 1252 2218 1281 ‚
2269 1201 2368 1270 ut.
2400 1193 2553 1270 aliis
2598 1193 2867 1281 evenit,
2916 1192 2991 1268 in
3046 1217 3395 1271 summam
3439 1194 3743 1272 hilarita-

711 1321 858 1390 tem
923 1336 1248 1390 conversa
1309 1322 1436 1388 est.
1535 1314 1630 1388 Et
1687 1313 1846 1412 quis
1913 1319 2052 1402 est,
2125 1313 2249 1413 qui
2307 1315 2461 1390 Deo
2528 1313 2615 1390 O.
2660 1315 2764 1388 M.
2828 1311 3087 1411 gratias
3144 1337 3286 1388 non
3338 1314 3485 1414 agit
3532 1339 3744 1412 quam

711 1432 1048 1526 maximas
1067 1490 1088 1521 ‚
1130 1457 1282 1532 ‘pro
1343 1433 1746 1510 confirmata
1800 1431 2227 1520 valetudine,
2289 1457 2418 1533 pro
2472 1432 2925 1508 corroboratis
2971 1432 3231 1509 viribus
3246 1492 3267 1522 ,
3314 1458 3441 1532 pro
3484 1435 3742 1512 conati-

711 1552 848 1628 bus
866 1609 888 1640 ,
948 1576 1123 1649 quos
1185 1552 1316 1628 Ille
1377 1552 1612 1630 felices
1663 1551 2001 1630 reddidit!
2081 1553 2245 1628 Non
2305 1553 2721 1652 exspectatis
2735 1609 2756 1640 ,
2824 1559 2909 1626 ut
2962 1551 3237 1651 singula
3302 1576 3701 1654 nuncupem
3719 1612 3740 1642 ,

709 1670 968 1767 quibus
1035 1671 1332 1769 quisque
1402 1671 1711 1746 vestrum
1777 1671 1864 1746 de
1928 1672 2056 1746 sua
2100 1673 2485 1772 Disciplina
2532 1673 2741 1748 hocce
2786 1696 2970 1748 anno
3017 1671 3197 1748 bene
3240 1673 3567 1748 meruerit
3588 1737 3593 1744 .
3612 1675 3739 1766 ⁸⁸).

709 1789 1092 1888 Pergamus
1135 1790 1345 1865 modo
1378 1789 1586 1866 alacri
1617 1791 1850 1868 animo
1895 1791 2156 1891 duplici
2198 1793 2403 1892 fungi
2440 1793 2663 1868 officio
2680 1851 2703 1880 ‚
2751 1791 2942 1889 quod
2984 1791 3189 1868 nobis
3234 1791 3614 1880 incumbit,
3668 1793 3738 1866 et

711 1908 1088 2006 Discipulis
1134 1910 1458 2008 prodesse
1471 1967 1494 2000 ‚
1541 1909 1614 1986 et
1660 1911 2202 2012 Disciplinarum
2245 1913 2425 1988 fines
2468 1912 2677 1988 latius
2723 1911 3043 2011 proferre.

803 2028 1030 2104 Probe
1091 2030 1385 2108 scientes
1401 2087 1422 2117 ‚
1483 2037 1656 2128 quot
1702 2039 2100 2131 quantaque
2151 2032 2354 2108 nobis
2402 2033 2543 2108 sint
2594 2032 2923 2134 mandata
2937 2089 2957 2119 ‚
3000 2031 3159 2130 jure
3198 2032 3503 2129 profecto
3556 2031 3741 2108 dole-

709 2170 868 2222 mus
887 2203 908 2234 ‚
949 2147 1009 2222 si
1048 2149 1246 2223 Iocus
1281 2147 1356 2222 in
1397 2155 1634 2226 nostro
1669 2173 1998 2226 consessu
2035 2149 2469 2250 aliquamdiu
2509 2157 2721 2228 vacet.
2822 2151 2967 2226 Vos
2994 2151 3395 2251 praesertim
3423 2150 3530 2227 01.
3554 2151 3745 2228 Κιει·

707 2273 780 2340 et
850 2266 1272 2346 Senonum
1341 2267 1420 2344 id
1494 2269 1928 2367 persensistis
1947 2327 1968 2357 ‚
2043 2294 2264 2368 quum
2282 2329 2303 2358 ,
2377 2279 2627 2370 quarto
2702 2269 3083 2346 Facultatis
3156 2269 3355 2346 Socio
3426 2269 3741 2346 nondum

707 2393 934 2466 creato
951 2444 972 2474 ,
1021 2411 1200 2466 nova
1232 2388 1602 2466 »calamitas
1643 2389 1910 2489 ingruit
1963 2389 2357 2466 tristissimo
2406 2391 2738 2466 Oonnw
2772 2389 3008 2479 obitu,
3054 2388 3207 2464 Viri
3247 2389 3741 2482 laudatissimi,

709 2504 912 2604 quus
974 2506 1228 2584 oblivio
1287 2531 1416 2583 nec
1478 2533 1598 2584 vos
1611 2567 1632 2597 ‚
1691 2534 1826 2586 nec
1877 2535 1994 2586 me
2045 2511 2539 2609 neminemque
2556 2567 2579 2600 ‚
2626 2513 2751 2609 qui
2792 2533 2957 2586 eum
2994 2508 3189 2584 novit
3204 2566 3225 2596 ‚
3274 2515 3345 2584 et
3380 2507 3747 2584 nobiscum

709 2625 1006 2715 amavit,
1079 2651 1422 2725 umquam
1481 2627 1728 2729 capiet.
1849 2629 1992 2707 Sed
2059 2631 2537 2719 difficultates,
2600 2655 2780 2728 quae
2840 2657 2928 2708 ex
3004 2629 3257 2706 misera
3320 2629 3455 2706 ista
3512 2653 3747 2708 rerum

707 2745 1098 2822 conditione
1167 2747 1331 2824 oriri
1389 2747 1811 2847 potuissent,
1881 2773 2070 2826 nunc
2135 2750 2449 2826 sublatae
2518 2757 2704 2826 sunt.
2832 2751 3035 2826 Duos
3092 2750 3265 2826 alios
3324 2750 3511 2826 nacti
3576 2748 3745 2826 estis

708 2863 1057 2964 Collegae,
1109 2865 1532 2964 quibuscum
1571 2893 1770 2968 spero
1823 2875 1906 2943 ut
1951 2868 2406 2968 Theologiae‚
2457 2893 2637 2967 quae
2680 2869 2877 2944 vobis
2919 2870 3067 2969 jam
3106 2869 3453 2968 permulta
3497 2869 3748 2957 debet,

707 2983 922 3063 varias
987 2993 1219 3084 partes
1277 3011 1492 3085 quam
1551 2987 1941 3065 diutissime
2002 2989 2362 3067 vindicetis
2418 2989 2565 3065 hoc
2610 2995 2900 3078 eventu,
2961 2995 3043 3064 ut
3082 3013 3297 3089 quam
3334 2987 3615 3087 plurimi
3660 3013 3749 3063 ex

708 3104 936 3179 vestra
974 3106 1358 3205 Disciplina
1404 3108 1742 3207 prodeant
1783 3109 2128 3210 Discipuli
2174 3109 2449 3184 Patriae
2488 3108 2973 3206 Ecclesiaeque
3022 3108 3395 3183 utilissimi.

633 3268 652 3281 ·
809 3224 1006 3301 Quid
1067 3226 1197 3301 tibi
1215 3286 1236 3314 ,
1283 3227 1391 3302 01.
1445 3226 1953 3303 Nlnmunn!
2003 3225 2352 3324 acceptius
2395 3248 2545 3299 esse
2585 3225 2841 3323 possit,
2892 3248 3107 3324 quam
3148 3226 3211 3301 si
3252 3225 3363 3301 his
3402 3218 3745 3301 fructibus

708 3342 1012 3423 laborem
1073 3352 1276 3425 tuum
1325 3348 1763 3425 cumulatum
1803 3345 2086 3423 videas?
2163 3348 2403 3424 Quam
2450 3352 2733 3445 optatus
2786 3352 2871 3419 tu
2924 3344 3127 3419 nobis
3180 3368 3367 3421 esses
3384 3402 3404 3432 ‚
3454 3343 3755 3421 sensisti·

707 3463 814 3539 Ac
853 3462 1004 3542 fieri
1037 3464 1236 3543 aliter
1275 3488 1418 3541 non
1455 3473 1758 3565 poterat,
1807 3466 1980 3565 quin
2025 3466 2248 3543 multa
2287 3473 2647 3541 accuratae
2693 3465 3043 3541 doctrinae
3092 3465 3518 3565 specimina,
3565 3489 3747 3563 quae

709 3589 870 3663 ante
903 3582 1182 3661 edidisti
1197 3642 1220 3672 ‚
1268 3584 1378 3663 tui
1423 3584 1844 3663 desiderium
1889 3586 2284 3661 excitarent.
2394 3584 3009 3685 opportunitatem
3052 3610 3243 3663 nunc
3290 3584 3427 3663 tibi
3470 3584 3707 3662 datam
3727 3643 3747 3670 ,

710 3700 874 3779 huie
919 3702 1344 3803 Disciplinae
1383 3711 1608 3781 totum
1650 3712 1722 3779 te
1761 3702 2081 3781 tradendi
2101 3760 2126 3793 ,
2173 3710 2245 3779 et
2281 3702 2461 3789 hauc
2512 3701 2943 3779 Provinciam
2991 3701 3189 3781 betis
3233 3700 3557 3801 auspiciis
3598 3700 3746 3799 jam

714 3828 1100 3919 susceptam
1121 3880 1142 3911 ‚
1209 3848 1296 3899 ex
1353 3824 1584 3903 animo
1640 3803 1772 3899 tibi
1828 3822 2154 3922 gratulor.
2254 3822 2457 3897 Vires
2502 3820 2698 3899 Deus
2735 3820 2874 3899 alat
2922 3828 2994 3895 et
3048 3826 3426 3909 sustentet,
3477 3818 3741 3895 studio-

711 3964 1008 4037 rumque
1069 3966 1428 4021 successus
1491 3945 1622 4020 tibi
1670 3942 2065 4042 contingat,
2123 3966 2265 4040 quo
2319 3941 2577 4018 fruitur
2630 3941 2855 4019 Senex
2901 3940 3331 4019 venerandus
3350 3996 3371 4026 ,
3418 3938 3497 4017 in
3540 3937 3741 4037 cujus

713 4061 944 4137 locum
990 4062 1412 4141 successisti!

809 4178 908 4251 'I'e
925 4236 948 4265 ‚
1017 4179 1124 4254 01.
1189 4180 1540 4256 ΚυιιΝιιΝῐ
1599 4180 1674 4255 in
1720 4183 2190 4275 moloymm
2235 4180 2575 4257 Ordinem
2622 4180 2923 4257 relatum
2964 4202 3149 4266 esse,
3197 4199 3409 4276 quam
3458 4174 3740 4274 plurimi

545 4286 552 4291 ’
709 4296 964 4393 pariter
1020 4297 1386 4379 laetantur.
1483 4301 1640 4399 Ego
1660 4358 1680 4388 ‚
1743 4301 1804 4375 si
1861 4300 2089 4377 dicam
2128 4300 2319 4399 quod
2361 4299 2587 4377 sentio
2605 4355 2628 4388 ‚
2676 4298 2875 4375 doleo
2918 4322 3131 4396 quam
3175 4296 3495 4373 maxime.
3596 4293 3737 4371 Mi-

711 4413 900 4497 nime
977 4422 1214 4497 tamen
1229 4477 1255 4507 ,
1326 4419 1492 4517 quia
1553 4427 1626 4498 te
1684 4418 2097 4518 Theologiae
2158 4418 2500 4517 praeclare
2560 4416 2890 4495 colendae
2951 4423 3024 4490 et
3088 4412 3437 4490 docendae
3502 4412 3747 4493 minus

713 4539 955 4633 aptum
1014 4560 1292 4627 oensem
1357 4580 1460 4599 -
1521 4538 1940 4619 contrarium
2010 4538 2403 4637 augurabar
2416 4596 2439 4627 ,
2506 4564 2587 4613 ac
2652 4545 2739 4611 tu
2795 4534 2995 4615 factis
3050 4532 3327 4633 egregie
3377 4532 3525 4632 jam
3580 4558 3737 4634 pro·

715 4651 930 4732 besti:
981 4696 1080 4713 --
1129 4656 1230 4734 sio
1266 4682 1426 4739 vero
1455 4658 1854 4757 judicabam
1873 4715 1894 4746 ‚
1937 4658 2453 4757 quianoveram
2466 4715 2489 4747 ,
2538 4656 2713 4757 quid
2748 4640 3001 4735 Litoris
3044 4655 3201 4733 00.
3240 4680 3329 4733 ex
3363 4662 3435 4732 te
3466 4678 3739 4754 sperare

717 4770 951 4862 lionam
997 4775 1164 4873 quia
1205 4776 1340 4854 hae
1379 4778 1654 4858 literae
1689 4778 1764 4853 in
1815 4802 2312 4878 perpaucorum
2331 4838 2352 4868 ‚
2404 4777 2527 4879 qui
2576 4776 2701 4855 has
2744 4775 3031 4876 aggredi
3064 4775 3369 4863 audent,
3416 4796 3741 4860 numero,

3273 4893 3365 4966 8*
