<?xml version="1.0" encoding="UTF-8"?>
<!DOCTYPE html PUBLIC "-//W3C//DTD XHTML 1.0 Transitional//EN"
    "http://www.w3.org/TR/xhtml1/DTD/xhtml1-transitional.dtd">
<html xmlns="http://www.w3.org/1999/xhtml" xml:lang="en" lang="en">
 <head>
  <title>
</title>
<meta http-equiv="Content-Type" content="text/html;charset=utf-8" />
  <meta name='ocr-system' content='tesseract 3.04.00' />
  <meta name='ocr-capabilities' content='ocr_page ocr_carea ocr_par ocr_line ocrx_word'/>
</head>
<body>
  <div class='ocr_page' id='page_1' title='image "annalesacademic02confgoog_0077.png"; bbox 0 0 4766 6034; ppageno 0'>
   <div class='ocr_carea' id='block_1_1' title="bbox 1850 608 3646 681">
    <p class='ocr_par' dir='ltr' id='par_1_1' title="bbox 1850 608 3646 681">
     <span class='ocr_line' id='line_1_1' title="bbox 1850 608 3646 681; baseline 0.001 -4"><span class='ocrx_word' id='word_1_1' title='bbox 1850 608 2406 681; x_wconf 77' lang='lat' dir='ltr'><strong>ORATIO.</strong></span> <span class='ocrx_word' id='word_1_2' title='bbox 3179 667 3184 675; x_wconf 88' lang='lat'><strong>.</strong></span> <span class='ocrx_word' id='word_1_3' title='bbox 3559 612 3646 679; x_wconf 79' lang='lat'><strong>61</strong></span> 
     </span>
    </p>
   </div>
   <div class='ocr_carea' id='block_1_2' title="bbox 606 814 3730 4864">
    <p class='ocr_par' dir='ltr' id='par_1_2' title="bbox 606 814 3730 3884">
     <span class='ocr_line' id='line_1_2' title="bbox 612 814 3651 921; baseline -0.001 -24"><span class='ocrx_word' id='word_1_4' title='bbox 612 814 849 897; x_wconf 82' lang='lat' dir='ltr'><strong>bimus</strong></span> <span class='ocrx_word' id='word_1_5' title='bbox 876 818 1307 904; x_wconf 77' lang='lat' dir='ltr'><strong>,sententiam</strong></span> <span class='ocrx_word' id='word_1_6' title='bbox 1326 876 1349 907; x_wconf 86' lang='lat'><em>,</em></span> <span class='ocrx_word' id='word_1_7' title='bbox 1396 816 1523 919; x_wconf 90' lang='lat' dir='ltr'><strong>qui</strong></span> <span class='ocrx_word' id='word_1_8' title='bbox 1566 818 1607 893; x_wconf 95' lang='lat' dir='ltr'>I</span> <span class='ocrx_word' id='word_1_9' title='bbox 1623 843 1664 894; x_wconf 90' lang='lat' dir='ltr'><strong>e</strong></span> <span class='ocrx_word' id='word_1_10' title='bbox 1680 844 1714 894; x_wconf 89' lang='lat' dir='ltr'><strong>s</strong></span> <span class='ocrx_word' id='word_1_11' title='bbox 1730 844 1783 895; x_wconf 98' lang='grc' dir='ltr'><strong>ιι</strong></span> <span class='ocrx_word' id='word_1_12' title='bbox 1828 819 2203 921; x_wconf 88' lang='lat' dir='ltr'><strong>discipulos</strong></span> <span class='ocrx_word' id='word_1_13' title='bbox 2246 844 2379 897; x_wconf 87' lang='lat' dir='ltr'><strong>nos</strong></span> <span class='ocrx_word' id='word_1_14' title='bbox 2421 842 2574 895; x_wconf 90' lang='lat' dir='ltr'><strong>esse</strong></span> <span class='ocrx_word' id='word_1_15' title='bbox 2627 816 3023 918; x_wconf 83' lang='lat' dir='ltr'><strong>gloriamur.</strong></span> <span class='ocrx_word' id='word_1_16' title='bbox 3123 818 3268 893; x_wconf 87' lang='lat' dir='ltr'><strong>Res</strong></span> <span class='ocrx_word' id='word_1_17' title='bbox 3321 816 3509 895; x_wconf 90' lang='lat' dir='ltr'><strong>enim</strong></span> <span class='ocrx_word' id='word_1_18' title='bbox 3549 819 3651 895; x_wconf 85' lang='lat' dir='ltr'><strong>ita</strong></span> 
     </span>
     <span class='ocr_line' id='line_1_3' title="bbox 614 936 3652 1038; baseline -0.001 -23"><span class='ocrx_word' id='word_1_19' title='bbox 614 963 765 1015; x_wconf 87' lang='lat' dir='ltr'><strong>sese</strong></span> <span class='ocrx_word' id='word_1_20' title='bbox 826 938 1074 1014; x_wconf 85' lang='lat' dir='ltr'><strong>habet:</strong></span> <span class='ocrx_word' id='word_1_21' title='bbox 1144 938 1270 1038; x_wconf 91' lang='lat' dir='ltr'><strong>qui</strong></span> <span class='ocrx_word' id='word_1_22' title='bbox 1321 939 1358 1012; x_wconf 95' lang='lat' dir='ltr'>I</span> <span class='ocrx_word' id='word_1_23' title='bbox 1377 963 1418 1014; x_wconf 91' lang='lat' dir='ltr'><strong>e</strong></span> <span class='ocrx_word' id='word_1_24' title='bbox 1434 963 1469 1013; x_wconf 90' lang='lat' dir='ltr'><strong>s</strong></span> <span class='ocrx_word' id='word_1_25' title='bbox 1486 963 1535 1012; x_wconf 91' lang='grc' dir='ltr'><strong>ιι</strong></span> <span class='ocrx_word' id='word_1_26' title='bbox 1549 962 1621 1011; x_wconf 85' lang='grc' dir='ltr'><strong>ιιι</strong></span> <span class='ocrx_word' id='word_1_27' title='bbox 1680 937 1819 1013; x_wconf 92' lang='lat' dir='ltr'><strong>Dei</strong></span> <span class='ocrx_word' id='word_1_28' title='bbox 1878 936 2103 1013; x_wconf 90' lang='lat' dir='ltr'><strong>filium</strong></span> <span class='ocrx_word' id='word_1_29' title='bbox 2157 944 2231 1014; x_wconf 91' lang='lat' dir='ltr'><strong>et</strong></span> <span class='ocrx_word' id='word_1_30' title='bbox 2290 938 2654 1013; x_wconf 89' lang='lat' dir='ltr'><strong>hominum</strong></span> <span class='ocrx_word' id='word_1_31' title='bbox 2703 942 3118 1012; x_wconf 85' lang='lat' dir='ltr'><strong>servatorem</strong></span> <span class='ocrx_word' id='word_1_32' title='bbox 3170 936 3526 1037; x_wconf 89' lang='lat' dir='ltr'><strong>agnoverit</strong></span> <span class='ocrx_word' id='word_1_33' title='bbox 3577 947 3652 1013; x_wconf 86' lang='lat' dir='ltr'><strong>et</strong></span> 
     </span>
     <span class='ocr_line' id='line_1_4' title="bbox 610 1056 3649 1159; baseline -0.001 -23"><span class='ocrx_word' id='word_1_34' title='bbox 610 1060 753 1137; x_wconf 87' lang='lat' dir='ltr'><strong>fide</strong></span> <span class='ocrx_word' id='word_1_35' title='bbox 819 1083 984 1135; x_wconf 90' lang='lat' dir='ltr'><strong>eum</strong></span> <span class='ocrx_word' id='word_1_36' title='bbox 1042 1057 1252 1134; x_wconf 82' lang='lat' dir='ltr'><strong>fuerit</strong></span> <span class='ocrx_word' id='word_1_37' title='bbox 1303 1058 1665 1158; x_wconf 83' lang='lat' dir='ltr'><strong>amplexus</strong></span> <span class='ocrx_word' id='word_1_38' title='bbox 1684 1116 1705 1147; x_wconf 91' lang='lat'>‚</span> <span class='ocrx_word' id='word_1_39' title='bbox 1764 1082 1893 1137; x_wconf 86' lang='lat' dir='ltr'><strong>sua</strong></span> <span class='ocrx_word' id='word_1_40' title='bbox 1946 1065 2192 1159; x_wconf 89' lang='lat' dir='ltr'><strong>sponte</strong></span> <span class='ocrx_word' id='word_1_41' title='bbox 2238 1058 2314 1133; x_wconf 90' lang='lat' dir='ltr'><strong>in</strong></span> <span class='ocrx_word' id='word_1_42' title='bbox 2358 1056 2449 1133; x_wconf 90' lang='lat' dir='ltr'><strong>V.</strong></span> <span class='ocrx_word' id='word_1_43' title='bbox 2501 1056 2712 1131; x_wconf 90' lang='lat' dir='ltr'><strong>etiam</strong></span> <span class='ocrx_word' id='word_1_44' title='bbox 2761 1056 3066 1131; x_wconf 80' lang='lat' dir='ltr'><strong>Foedere</strong></span> <span class='ocrx_word' id='word_1_45' title='bbox 3110 1057 3417 1132; x_wconf 89' lang='lat' dir='ltr'><strong>divinam</strong></span> <span class='ocrx_word' id='word_1_46' title='bbox 3459 1082 3649 1146; x_wconf 83' lang='lat' dir='ltr'><strong>reve·</strong></span> 
     </span>
     <span class='ocr_line' id='line_1_5' title="bbox 612 1168 3650 1277; baseline -0.002 -20"><span class='ocrx_word' id='word_1_47' title='bbox 612 1179 941 1257; x_wconf 84' lang='lat' dir='ltr'><strong>lationem</strong></span> <span class='ocrx_word' id='word_1_48' title='bbox 998 1177 1345 1277; x_wconf 80' lang='lat' dir='ltr'><strong>suspiciet.</strong></span> <span class='ocrx_word' id='word_1_49' title='bbox 1444 1177 1853 1253; x_wconf 79' lang='lat' dir='ltr'><strong>Istiusmodi</strong></span> <span class='ocrx_word' id='word_1_50' title='bbox 1923 1184 2161 1253; x_wconf 84' lang='lat' dir='ltr'><strong>autem</strong></span> <span class='ocrx_word' id='word_1_51' title='bbox 2215 1168 2569 1277; x_wconf 81' lang='lat' dir='ltr'><strong>persuasio</strong></span> <span class='ocrx_word' id='word_1_52' title='bbox 2586 1234 2608 1266; x_wconf 88' lang='lat'><em>,</em></span> <span class='ocrx_word' id='word_1_53' title='bbox 2652 1174 2809 1269; x_wconf 50' lang='lat' dir='ltr'><strong>,ubi</strong></span> <span class='ocrx_word' id='word_1_54' title='bbox 2847 1175 3154 1275; x_wconf 88' lang='lat' dir='ltr'><strong>primum</strong></span> <span class='ocrx_word' id='word_1_55' title='bbox 3204 1176 3422 1250; x_wconf 90' lang='lat' dir='ltr'><strong>oritur</strong></span> <span class='ocrx_word' id='word_1_56' title='bbox 3438 1234 3460 1266; x_wconf 88' lang='lat'><em>,</em></span> <span class='ocrx_word' id='word_1_57' title='bbox 3508 1201 3650 1252; x_wconf 94' lang='lat' dir='ltr'><strong>non</strong></span> 
     </span>
     <span class='ocr_line' id='line_1_6' title="bbox 614 1296 3646 1397; baseline -0.001 -20"><span class='ocrx_word' id='word_1_58' title='bbox 614 1298 783 1377; x_wconf 87' lang='lat' dir='ltr'><strong>satis</strong></span> <span class='ocrx_word' id='word_1_59' title='bbox 826 1298 1113 1373; x_wconf 89' lang='lat' dir='ltr'><strong>definita</strong></span> <span class='ocrx_word' id='word_1_60' title='bbox 1151 1306 1295 1388; x_wconf 87' lang='lat' dir='ltr'><strong>est,</strong></span> <span class='ocrx_word' id='word_1_61' title='bbox 1357 1322 1585 1396; x_wconf 90' lang='lat' dir='ltr'><strong>neque</strong></span> <span class='ocrx_word' id='word_1_62' title='bbox 1632 1298 1783 1373; x_wconf 89' lang='lat' dir='ltr'><strong>eius</strong></span> <span class='ocrx_word' id='word_1_63' title='bbox 1830 1304 2120 1374; x_wconf 88' lang='lat' dir='ltr'><strong>naturae</strong></span> <span class='ocrx_word' id='word_1_64' title='bbox 2138 1354 2161 1387; x_wconf 85' lang='lat'>,</span> <span class='ocrx_word' id='word_1_65' title='bbox 2210 1305 2293 1371; x_wconf 90' lang='lat' dir='ltr'><strong>ut</strong></span> <span class='ocrx_word' id='word_1_66' title='bbox 2342 1296 2496 1373; x_wconf 86' lang='lat' dir='ltr'><strong>aliis</strong></span> <span class='ocrx_word' id='word_1_67' title='bbox 2543 1320 2822 1397; x_wconf 90' lang='lat' dir='ltr'><strong>quoque</strong></span> <span class='ocrx_word' id='word_1_68' title='bbox 2867 1296 3337 1373; x_wconf 87' lang='lat' dir='ltr'><strong>commendari</strong></span> <span class='ocrx_word' id='word_1_69' title='bbox 3389 1297 3646 1396; x_wconf 69' lang='lat' dir='ltr'><strong>possita</strong></span> 
     </span>
     <span class='ocr_line' id='line_1_7' title="bbox 610 1415 3654 1517; baseline -0.001 -21"><span class='ocrx_word' id='word_1_70' title='bbox 610 1416 891 1496; x_wconf 82' lang='lat' dir='ltr'><strong>accedat</strong></span> <span class='ocrx_word' id='word_1_71' title='bbox 948 1426 1267 1517; x_wconf 89' lang='lat' dir='ltr'><strong>opportet</strong></span> <span class='ocrx_word' id='word_1_72' title='bbox 1328 1424 1729 1493; x_wconf 87' lang='lat' dir='ltr'><strong>accuratum</strong></span> <span class='ocrx_word' id='word_1_73' title='bbox 1791 1424 1865 1491; x_wconf 90' lang='lat' dir='ltr'><strong>et</strong></span> <span class='ocrx_word' id='word_1_74' title='bbox 1930 1417 2250 1493; x_wconf 91' lang='lat' dir='ltr'><strong>criticum</strong></span> <span class='ocrx_word' id='word_1_75' title='bbox 2308 1417 2620 1515; x_wconf 88' lang='lat' dir='ltr'><strong>ipsorum</strong></span> <span class='ocrx_word' id='word_1_76' title='bbox 2682 1415 2984 1493; x_wconf 84' lang='lat' dir='ltr'><strong>fontium</strong></span> <span class='ocrx_word' id='word_1_77' title='bbox 3043 1416 3355 1492; x_wconf 90' lang='lat' dir='ltr'><strong>studium</strong></span> <span class='ocrx_word' id='word_1_78' title='bbox 3374 1475 3397 1506; x_wconf 87' lang='lat'>‚</span> <span class='ocrx_word' id='word_1_79' title='bbox 3461 1418 3654 1517; x_wconf 91' lang='lat' dir='ltr'><strong>quod</strong></span> 
     </span>
     <span class='ocr_line' id='line_1_8' title="bbox 612 1536 3650 1637; baseline 0 -24"><span class='ocrx_word' id='word_1_80' title='bbox 612 1538 1129 1637; x_wconf 77' lang='lat' dir='ltr'><strong>persuasionem</strong></span> <span class='ocrx_word' id='word_1_81' title='bbox 1198 1538 1405 1613; x_wconf 84' lang='lat' dir='ltr'><strong>istam</strong></span> <span class='ocrx_word' id='word_1_82' title='bbox 1469 1546 1541 1613; x_wconf 92' lang='lat' dir='ltr'><strong>et</strong></span> <span class='ocrx_word' id='word_1_83' title='bbox 1602 1536 1867 1613; x_wconf 90' lang='lat' dir='ltr'><strong>finibus</strong></span> <span class='ocrx_word' id='word_1_84' title='bbox 1934 1538 2081 1613; x_wconf 92' lang='lat' dir='ltr'><strong>suis</strong></span> <span class='ocrx_word' id='word_1_85' title='bbox 2151 1536 2702 1625; x_wconf 87' lang='lat' dir='ltr'><strong>circumscribat,</strong></span> <span class='ocrx_word' id='word_1_86' title='bbox 2768 1543 2841 1609; x_wconf 91' lang='lat' dir='ltr'><strong>et</strong></span> <span class='ocrx_word' id='word_1_87' title='bbox 2893 1536 3098 1611; x_wconf 87' lang='lat' dir='ltr'><strong>certis</strong></span> <span class='ocrx_word' id='word_1_88' title='bbox 3157 1538 3387 1613; x_wconf 88' lang='lat' dir='ltr'><strong>firmet</strong></span> <span class='ocrx_word' id='word_1_89' title='bbox 3443 1562 3650 1637; x_wconf 88' lang='lat' dir='ltr'><strong>argu-</strong></span> 
     </span>
     <span class='ocr_line' id='line_1_9' title="bbox 612 1654 3653 1756; baseline 0 -25"><span class='ocrx_word' id='word_1_90' title='bbox 612 1657 885 1733; x_wconf 84' lang='lat' dir='ltr'><strong>mentis.</strong></span> <span class='ocrx_word' id='word_1_91' title='bbox 987 1657 1151 1730; x_wconf 95' lang='lat' dir='ltr'><strong>Non</strong></span> <span class='ocrx_word' id='word_1_92' title='bbox 1195 1655 1438 1755; x_wconf 83' lang='lat' dir='ltr'><strong>ignoro</strong></span> <span class='ocrx_word' id='word_1_93' title='bbox 1455 1715 1478 1746; x_wconf 87' lang='lat'>‚</span> <span class='ocrx_word' id='word_1_94' title='bbox 1523 1658 1681 1732; x_wconf 85' lang='lat' dir='ltr'><strong>AA.</strong></span> <span class='ocrx_word' id='word_1_95' title='bbox 1702 1716 1725 1747; x_wconf 91' lang='lat'><em>,</em></span> <span class='ocrx_word' id='word_1_96' title='bbox 1779 1658 2125 1733; x_wconf 84' lang='lat' dir='ltr'><strong>exstitisse</strong></span> <span class='ocrx_word' id='word_1_97' title='bbox 2148 1715 2169 1747; x_wconf 87' lang='lat'>,</span> <span class='ocrx_word' id='word_1_98' title='bbox 2218 1656 2343 1756; x_wconf 90' lang='lat' dir='ltr'><strong>qui</strong></span> <span class='ocrx_word' id='word_1_99' title='bbox 2386 1655 2622 1731; x_wconf 88' lang='lat' dir='ltr'><strong>critico</strong></span> <span class='ocrx_word' id='word_1_100' title='bbox 2669 1654 2984 1729; x_wconf 79' lang='lat' dir='ltr'><strong>examine</strong></span> <span class='ocrx_word' id='word_1_101' title='bbox 3001 1714 3024 1745; x_wconf 87' lang='lat'>‚</span> <span class='ocrx_word' id='word_1_102' title='bbox 3074 1656 3264 1755; x_wconf 92' lang='lat' dir='ltr'><strong>quod</strong></span> <span class='ocrx_word' id='word_1_103' title='bbox 3302 1680 3653 1733; x_wconf 89' lang='lat' dir='ltr'><strong>commen·</strong></span> 
     </span>
     <span class='ocr_line' id='line_1_10' title="bbox 614 1774 3656 1875; baseline 0 -24"><span class='ocrx_word' id='word_1_104' title='bbox 614 1774 772 1851; x_wconf 80' lang='lat' dir='ltr'><strong>davi</strong></span> <span class='ocrx_word' id='word_1_105' title='bbox 790 1833 815 1867; x_wconf 85' lang='lat'>‚</span> <span class='ocrx_word' id='word_1_106' title='bbox 862 1774 1151 1851; x_wconf 90' lang='lat' dir='ltr'><strong>adducti</strong></span> <span class='ocrx_word' id='word_1_107' title='bbox 1196 1774 1490 1864; x_wconf 81' lang='lat' dir='ltr'><strong>fuerint,</strong></span> <span class='ocrx_word' id='word_1_108' title='bbox 1539 1782 1621 1851; x_wconf 90' lang='lat' dir='ltr'><strong>ut</strong></span> <span class='ocrx_word' id='word_1_109' title='bbox 1667 1776 1880 1852; x_wconf 80' lang='lat' dir='ltr'><strong>talem</strong></span> <span class='ocrx_word' id='word_1_110' title='bbox 1924 1776 2013 1851; x_wconf 92' lang='lat' dir='ltr'><strong>de</strong></span> <span class='ocrx_word' id='word_1_111' title='bbox 2054 1774 2249 1851; x_wconf 89' lang='lat' dir='ltr'><strong>libris</strong></span> <span class='ocrx_word' id='word_1_112' title='bbox 2284 1774 2440 1849; x_wconf 90' lang='lat' dir='ltr'><strong>istis</strong></span> <span class='ocrx_word' id='word_1_113' title='bbox 2475 1774 2913 1875; x_wconf 84' lang='lat' dir='ltr'><strong>conciperent</strong></span> <span class='ocrx_word' id='word_1_114' title='bbox 2946 1774 3341 1874; x_wconf 88' lang='lat' dir='ltr'><strong>opinionem</strong></span> <span class='ocrx_word' id='word_1_115' title='bbox 3357 1834 3378 1866; x_wconf 88' lang='lat'><em>,</em></span> <span class='ocrx_word' id='word_1_116' title='bbox 3430 1776 3656 1875; x_wconf 83' lang='lat' dir='ltr'><strong>qualis</strong></span> 
     </span>
     <span class='ocr_line' id='line_1_11' title="bbox 612 1894 3656 1997; baseline 0 -26"><span class='ocrx_word' id='word_1_117' title='bbox 612 1919 776 1971; x_wconf 88' lang='lat' dir='ltr'><strong>cum</strong></span> <span class='ocrx_word' id='word_1_118' title='bbox 829 1894 1065 1971; x_wconf 88' lang='lat' dir='ltr'><strong>divina</strong></span> <span class='ocrx_word' id='word_1_119' title='bbox 1116 1920 1357 1971; x_wconf 90' lang='lat' dir='ltr'><strong>eorum</strong></span> <span class='ocrx_word' id='word_1_120' title='bbox 1404 1894 1671 1995; x_wconf 83' lang='lat' dir='ltr'><strong>origine</strong></span> <span class='ocrx_word' id='word_1_121' title='bbox 1687 1954 1710 1985; x_wconf 87' lang='lat'>‚</span> <span class='ocrx_word' id='word_1_122' title='bbox 1760 1920 2179 1997; x_wconf 89' lang='lat' dir='ltr'><strong>quocunque</strong></span> <span class='ocrx_word' id='word_1_123' title='bbox 2230 1896 2514 1971; x_wconf 83' lang='lat' dir='ltr'><strong>tandem</strong></span> <span class='ocrx_word' id='word_1_124' title='bbox 2551 1894 2762 1970; x_wconf 92' lang='lat' dir='ltr'><strong>modo</strong></span> <span class='ocrx_word' id='word_1_125' title='bbox 2808 1895 2977 1971; x_wconf 86' lang='lat' dir='ltr'><strong>haee</strong></span> <span class='ocrx_word' id='word_1_126' title='bbox 3019 1896 3422 1986; x_wconf 85' lang='lat' dir='ltr'><strong>definiatur,</strong></span> <span class='ocrx_word' id='word_1_127' title='bbox 3463 1896 3656 1971; x_wconf 89' lang='lat' dir='ltr'><strong>nullo</strong></span> 
     </span>
     <span class='ocr_line' id='line_1_12' title="bbox 611 2014 3654 2116; baseline 0 -27"><span class='ocrx_word' id='word_1_128' title='bbox 611 2021 813 2113; x_wconf 85' lang='lat' dir='ltr'><strong>pacto</strong></span> <span class='ocrx_word' id='word_1_129' title='bbox 857 2014 933 2089; x_wconf 87' lang='lat' dir='ltr'><strong>in</strong></span> <span class='ocrx_word' id='word_1_130' title='bbox 984 2016 1415 2091; x_wconf 79' lang='lat' dir='ltr'><strong>concordiam</strong></span> <span class='ocrx_word' id='word_1_131' title='bbox 1470 2015 1695 2115; x_wconf 85' lang='lat' dir='ltr'><strong>redigi</strong></span> <span class='ocrx_word' id='word_1_132' title='bbox 1732 2040 1936 2115; x_wconf 86' lang='lat' dir='ltr'><strong>posse</strong></span> <span class='ocrx_word' id='word_1_133' title='bbox 1980 2016 2367 2092; x_wconf 84' lang='lat' dir='ltr'><strong>videretur:</strong></span> <span class='ocrx_word' id='word_1_134' title='bbox 2423 2040 2652 2115; x_wconf 91' lang='lat' dir='ltr'><strong>neque</strong></span> <span class='ocrx_word' id='word_1_135' title='bbox 2694 2022 3058 2115; x_wconf 88' lang='lat' dir='ltr'><strong>propterea</strong></span> <span class='ocrx_word' id='word_1_136' title='bbox 3099 2016 3442 2091; x_wconf 72' lang='lat' dir='ltr'><strong>miramur</strong></span> <span class='ocrx_word' id='word_1_137' title='bbox 3483 2016 3654 2116; x_wconf 90' lang='lat' dir='ltr'><strong>dog-</strong></span> 
     </span>
     <span class='ocr_line' id='line_1_13' title="bbox 610 2132 3657 2239; baseline 0.001 -31"><span class='ocrx_word' id='word_1_138' title='bbox 610 2132 899 2209; x_wconf 85' lang='lat' dir='ltr'><strong>maticos</strong></span> <span class='ocrx_word' id='word_1_139' title='bbox 972 2134 1187 2208; x_wconf 83' lang='lat' dir='ltr'><strong>fuisse</strong></span> <span class='ocrx_word' id='word_1_140' title='bbox 1208 2191 1229 2223; x_wconf 87' lang='lat'>,</span> <span class='ocrx_word' id='word_1_141' title='bbox 1302 2133 1427 2232; x_wconf 90' lang='lat' dir='ltr'><strong>qui</strong></span> <span class='ocrx_word' id='word_1_142' title='bbox 1446 2193 1468 2223; x_wconf 86' lang='lat'>‚</span> <span class='ocrx_word' id='word_1_143' title='bbox 1542 2159 1633 2210; x_wconf 91' lang='lat' dir='ltr'><strong>ne</strong></span> <span class='ocrx_word' id='word_1_144' title='bbox 1705 2136 2092 2239; x_wconf 81' lang='lat' dir='ltr'><strong>periculum</strong></span> <span class='ocrx_word' id='word_1_145' title='bbox 2176 2136 2337 2211; x_wconf 90' lang='lat' dir='ltr'><strong>hinc</strong></span> <span class='ocrx_word' id='word_1_146' title='bbox 2414 2135 2640 2236; x_wconf 82' lang='lat' dir='ltr'><strong>ipsam</strong></span> <span class='ocrx_word' id='word_1_147' title='bbox 2720 2135 3126 2235; x_wconf 84' lang='lat' dir='ltr'><strong>religionem</strong></span> <span class='ocrx_word' id='word_1_148' title='bbox 3190 2135 3657 2211; x_wconf 73' lang='lat' dir='ltr'><strong>Christianam</strong></span> 
     </span>
     <span class='ocr_line' id='line_1_14' title="bbox 608 2252 3656 2354; baseline 0.001 -27"><span class='ocrx_word' id='word_1_149' title='bbox 608 2252 1003 2342; x_wconf 88' lang='lat' dir='ltr'><strong>invaderet,</strong></span> <span class='ocrx_word' id='word_1_150' title='bbox 1052 2260 1443 2328; x_wconf 83' lang='lat' dir='ltr'><strong>metuentes</strong></span> <span class='ocrx_word' id='word_1_151' title='bbox 1490 2253 1579 2329; x_wconf 89' lang='lat' dir='ltr'><strong>V.</strong></span> <span class='ocrx_word' id='word_1_152' title='bbox 1634 2255 2162 2331; x_wconf 80' lang='lat' dir='ltr'><strong>Testamentum</strong></span> <span class='ocrx_word' id='word_1_153' title='bbox 2208 2281 2253 2331; x_wconf 90' lang='lat' dir='ltr'><strong>a</strong></span> <span class='ocrx_word' id='word_1_154' title='bbox 2305 2256 2507 2331; x_wconf 90' lang='lat' dir='ltr'><strong>Novo</strong></span> <span class='ocrx_word' id='word_1_155' title='bbox 2559 2254 2878 2331; x_wconf 85' lang='lat' dir='ltr'><strong>divellere</strong></span> <span class='ocrx_word' id='word_1_156' title='bbox 2927 2254 3132 2354; x_wconf 86' lang='lat' dir='ltr'><strong>plane</strong></span> <span class='ocrx_word' id='word_1_157' title='bbox 3183 2254 3412 2331; x_wconf 91' lang='lat' dir='ltr'><strong>conati</strong></span> <span class='ocrx_word' id='word_1_158' title='bbox 3468 2262 3656 2330; x_wconf 90' lang='lat' dir='ltr'><strong>sunt.</strong></span> 
     </span>
     <span class='ocr_line' id='line_1_15' title="bbox 609 2372 3658 2475; baseline 0.001 -30"><span class='ocrx_word' id='word_1_159' title='bbox 609 2372 861 2471; x_wconf 88' lang='lat' dir='ltr'><strong>Neque</strong></span> <span class='ocrx_word' id='word_1_160' title='bbox 925 2374 1075 2473; x_wconf 88' lang='lat' dir='ltr'><strong>ipse</strong></span> <span class='ocrx_word' id='word_1_161' title='bbox 1146 2373 1352 2448; x_wconf 88' lang='lat' dir='ltr'><strong>credo</strong></span> <span class='ocrx_word' id='word_1_162' title='bbox 1410 2373 1855 2467; x_wconf 86' lang='lat' dir='ltr'><strong>Bohlenii‚</strong></span> <span class='ocrx_word' id='word_1_163' title='bbox 1928 2374 2225 2451; x_wconf 90' lang='lat' dir='ltr'><strong>Vatkii</strong></span> <span class='ocrx_word' id='word_1_164' title='bbox 2287 2375 2720 2475; x_wconf 89' lang='lat' dir='ltr'><strong>aliorumque</strong></span> <span class='ocrx_word' id='word_1_165' title='bbox 2788 2374 2878 2450; x_wconf 91' lang='lat' dir='ltr'><strong>de</strong></span> <span class='ocrx_word' id='word_1_166' title='bbox 2947 2374 3033 2449; x_wconf 91' lang='lat' dir='ltr'><strong>iis</strong></span> <span class='ocrx_word' id='word_1_167' title='bbox 3095 2374 3434 2449; x_wconf 90' lang='lat' dir='ltr'><strong>iudicium</strong></span> <span class='ocrx_word' id='word_1_168' title='bbox 3491 2398 3658 2449; x_wconf 90' lang='lat' dir='ltr'><strong>cum</strong></span> 
     </span>
     <span class='ocr_line' id='line_1_16' title="bbox 610 2491 3655 2595; baseline 0 -29"><span class='ocrx_word' id='word_1_169' title='bbox 610 2491 651 2566; x_wconf 94' lang='lat' dir='ltr'>I</span> <span class='ocrx_word' id='word_1_170' title='bbox 668 2516 709 2568; x_wconf 92' lang='lat' dir='ltr'><strong>e</strong></span> <span class='ocrx_word' id='word_1_171' title='bbox 726 2516 760 2566; x_wconf 89' lang='lat' dir='ltr'><strong>s</strong></span> <span class='ocrx_word' id='word_1_172' title='bbox 776 2516 829 2567; x_wconf 98' lang='grc' dir='ltr'><strong>ιι</strong></span> <span class='ocrx_word' id='word_1_173' title='bbox 873 2499 947 2565; x_wconf 90' lang='lat' dir='ltr'><strong>et</strong></span> <span class='ocrx_word' id='word_1_174' title='bbox 991 2492 1487 2592; x_wconf 84' lang='lat' dir='ltr'><strong>Apostolorum</strong></span> <span class='ocrx_word' id='word_1_175' title='bbox 1536 2494 1879 2571; x_wconf 82' lang='lat' dir='ltr'><strong>sententia</strong></span> <span class='ocrx_word' id='word_1_176' title='bbox 1927 2495 2249 2595; x_wconf 84' lang='lat' dir='ltr'><strong>componi</strong></span> <span class='ocrx_word' id='word_1_177' title='bbox 2291 2520 2496 2595; x_wconf 88' lang='lat' dir='ltr'><strong>posse</strong></span> <span class='ocrx_word' id='word_1_178' title='bbox 2513 2528 2535 2571; x_wconf 67' lang='lat' dir='ltr'>a</span> <span class='ocrx_word' id='word_1_179' title='bbox 2603 2519 2843 2571; x_wconf 90' lang='lat' dir='ltr'><strong>verum</strong></span> <span class='ocrx_word' id='word_1_180' title='bbox 2862 2552 2884 2584; x_wconf 88' lang='lat'><em>,</em></span> <span class='ocrx_word' id='word_1_181' title='bbox 2935 2518 3024 2569; x_wconf 91' lang='lat' dir='ltr'><strong>ne</strong></span> <span class='ocrx_word' id='word_1_182' title='bbox 3075 2516 3454 2569; x_wconf 91' lang='lat' dir='ltr'><strong>memorem</strong></span> <span class='ocrx_word' id='word_1_183' title='bbox 3505 2492 3655 2568; x_wconf 91' lang='lat' dir='ltr'><strong>illo-</strong></span> 
     </span>
     <span class='ocr_line' id='line_1_17' title="bbox 607 2598 3660 2691; baseline -0 -3"><span class='ocrx_word' id='word_1_184' title='bbox 607 2635 767 2688; x_wconf 89' lang='lat' dir='ltr'><strong>rum</strong></span> <span class='ocrx_word' id='word_1_185' title='bbox 834 2609 1288 2687; x_wconf 79' lang='lat' dir='ltr'><strong>deliramenta</strong></span> <span class='ocrx_word' id='word_1_186' title='bbox 1352 2612 1490 2687; x_wconf 91' lang='lat' dir='ltr'><strong>iam</strong></span> <span class='ocrx_word' id='word_1_187' title='bbox 1568 2638 1613 2688; x_wconf 90' lang='lat' dir='ltr'><strong>a</strong></span> <span class='ocrx_word' id='word_1_188' title='bbox 1680 2613 1933 2690; x_wconf 83' lang='lat' dir='ltr'><strong>criticis</strong></span> <span class='ocrx_word' id='word_1_189' title='bbox 1998 2613 2303 2691; x_wconf 85' lang='lat' dir='ltr'><strong>melioris</strong></span> <span class='ocrx_word' id='word_1_190' title='bbox 2360 2598 2571 2691; x_wconf 86' lang='lat' dir='ltr'><strong>notae</strong></span> <span class='ocrx_word' id='word_1_191' title='bbox 2629 2615 2724 2690; x_wconf 87' lang='lat' dir='ltr'><strong>ad</strong></span> <span class='ocrx_word' id='word_1_192' title='bbox 2778 2638 3001 2690; x_wconf 91' lang='lat' dir='ltr'><strong>unum</strong></span> <span class='ocrx_word' id='word_1_193' title='bbox 3055 2612 3382 2689; x_wconf 87' lang='lat' dir='ltr'><strong>omnibus</strong></span> <span class='ocrx_word' id='word_1_194' title='bbox 3443 2611 3660 2687; x_wconf 83' lang='lat' dir='ltr'><strong>fuisse</strong></span> 
     </span>
     <span class='ocr_line' id='line_1_18' title="bbox 606 2729 3658 2834; baseline -0.001 -27"><span class='ocrx_word' id='word_1_195' title='bbox 606 2730 899 2821; x_wconf 85' lang='lat' dir='ltr'><strong>reiecta,</strong></span> <span class='ocrx_word' id='word_1_196' title='bbox 946 2730 1211 2805; x_wconf 88' lang='lat' dir='ltr'><strong>abusus</strong></span> <span class='ocrx_word' id='word_1_197' title='bbox 1256 2729 1358 2805; x_wconf 89' lang='lat' dir='ltr'><strong>rei</strong></span> <span class='ocrx_word' id='word_1_198' title='bbox 1406 2756 1616 2807; x_wconf 90' lang='lat' dir='ltr'><strong>usum</strong></span> <span class='ocrx_word' id='word_1_199' title='bbox 1659 2758 1799 2809; x_wconf 94' lang='lat' dir='ltr'><strong>non</strong></span> <span class='ocrx_word' id='word_1_200' title='bbox 1844 2734 2047 2812; x_wconf 85' lang='lat' dir='ltr'><strong>tollit.</strong></span> <span class='ocrx_word' id='word_1_201' title='bbox 2145 2735 2514 2811; x_wconf 85' lang='lat' dir='ltr'><strong>Praeterea</strong></span> <span class='ocrx_word' id='word_1_202' title='bbox 2555 2734 2978 2834; x_wconf 86' lang='lat' dir='ltr'><strong>experientia</strong></span> <span class='ocrx_word' id='word_1_203' title='bbox 3038 2732 3319 2822; x_wconf 86' lang='lat' dir='ltr'><strong>docuit,</strong></span> <span class='ocrx_word' id='word_1_204' title='bbox 3367 2756 3486 2807; x_wconf 88' lang='lat' dir='ltr'><strong>eos</strong></span> <span class='ocrx_word' id='word_1_205' title='bbox 3535 2730 3658 2831; x_wconf 89' lang='lat' dir='ltr'><strong>qui</strong></span> 
     </span>
     <span class='ocr_line' id='line_1_19' title="bbox 606 2849 3660 2954; baseline 0 -27"><span class='ocrx_word' id='word_1_206' title='bbox 606 2849 819 2927; x_wconf 84' lang='lat' dir='ltr'><strong>talem</strong></span> <span class='ocrx_word' id='word_1_207' title='bbox 894 2849 983 2925; x_wconf 88' lang='lat' dir='ltr'><strong>de</strong></span> <span class='ocrx_word' id='word_1_208' title='bbox 1053 2849 1142 2927; x_wconf 91' lang='lat' dir='ltr'><strong>V.</strong></span> <span class='ocrx_word' id='word_1_209' title='bbox 1212 2851 1640 2929; x_wconf 78' lang='lat' dir='ltr'><strong>Testamenti</strong></span> <span class='ocrx_word' id='word_1_210' title='bbox 1698 2853 1893 2929; x_wconf 89' lang='lat' dir='ltr'><strong>libris</strong></span> <span class='ocrx_word' id='word_1_211' title='bbox 1956 2854 2396 2954; x_wconf 89' lang='lat' dir='ltr'><strong>protulerunt</strong></span> <span class='ocrx_word' id='word_1_212' title='bbox 2463 2853 2880 2931; x_wconf 87' lang='lat' dir='ltr'><strong>sententiam</strong></span> <span class='ocrx_word' id='word_1_213' title='bbox 2897 2912 2919 2945; x_wconf 90' lang='lat'>,</span> <span class='ocrx_word' id='word_1_214' title='bbox 2980 2853 3232 2930; x_wconf 76' lang='lat' dir='ltr'><strong>infesto</strong></span> <span class='ocrx_word' id='word_1_215' title='bbox 3293 2853 3369 2927; x_wconf 92' lang='lat' dir='ltr'><strong>in</strong></span> <span class='ocrx_word' id='word_1_216' title='bbox 3431 2852 3660 2953; x_wconf 88' lang='lat' dir='ltr'><strong>ipsam</strong></span> 
     </span>
     <span class='ocr_line' id='line_1_20' title="bbox 606 2969 3661 3075; baseline 0.002 -29"><span class='ocrx_word' id='word_1_217' title='bbox 606 2969 1015 3072; x_wconf 79' lang='lat' dir='ltr'><strong>religionem</strong></span> <span class='ocrx_word' id='word_1_218' title='bbox 1075 2969 1544 3048; x_wconf 85' lang='lat' dir='ltr'><strong>Christianam</strong></span> <span class='ocrx_word' id='word_1_219' title='bbox 1608 2972 1751 3050; x_wconf 83' lang='lat' dir='ltr'><strong>iam</strong></span> <span class='ocrx_word' id='word_1_220' title='bbox 1814 2982 2020 3051; x_wconf 87' lang='lat' dir='ltr'><strong>antea</strong></span> <span class='ocrx_word' id='word_1_221' title='bbox 2087 2974 2333 3051; x_wconf 90' lang='lat' dir='ltr'><strong>ductos</strong></span> <span class='ocrx_word' id='word_1_222' title='bbox 2382 2974 2600 3051; x_wconf 81' lang='lat' dir='ltr'><strong>fuisse</strong></span> <span class='ocrx_word' id='word_1_223' title='bbox 2651 2974 2920 3052; x_wconf 83' lang='lat' dir='ltr'><strong>animo:</strong></span> <span class='ocrx_word' id='word_1_224' title='bbox 2978 2999 3105 3075; x_wconf 91' lang='lat' dir='ltr'><strong>per</strong></span> <span class='ocrx_word' id='word_1_225' title='bbox 3158 2974 3428 3051; x_wconf 88' lang='lat' dir='ltr'><strong>critices</strong></span> <span class='ocrx_word' id='word_1_226' title='bbox 3469 2973 3661 3052; x_wconf 90' lang='lat' dir='ltr'><strong>enim</strong></span> 
     </span>
     <span class='ocr_line' id='line_1_21' title="bbox 610 3091 3658 3194; baseline 0.001 -29"><span class='ocrx_word' id='word_1_227' title='bbox 610 3113 823 3166; x_wconf 88' lang='lat' dir='ltr'><strong>usum</strong></span> <span class='ocrx_word' id='word_1_228' title='bbox 880 3114 1089 3166; x_wconf 92' lang='lat' dir='ltr'><strong>nemo</strong></span> <span class='ocrx_word' id='word_1_229' title='bbox 1140 3096 1264 3166; x_wconf 88' lang='lat' dir='ltr'><strong>aut</strong></span> <span class='ocrx_word' id='word_1_230' title='bbox 1328 3091 1765 3168; x_wconf 83' lang='lat' dir='ltr'><strong>Christianus</strong></span> <span class='ocrx_word' id='word_1_231' title='bbox 1821 3095 2048 3171; x_wconf 79' lang='lat' dir='ltr'><strong>faetus</strong></span> <span class='ocrx_word' id='word_1_232' title='bbox 2110 3102 2253 3184; x_wconf 91' lang='lat' dir='ltr'><strong>est,</strong></span> <span class='ocrx_word' id='word_1_233' title='bbox 2320 3101 2446 3170; x_wconf 88' lang='lat' dir='ltr'><strong>aut</strong></span> <span class='ocrx_word' id='word_1_234' title='bbox 2495 3119 2645 3169; x_wconf 90' lang='lat' dir='ltr'><strong>esse</strong></span> <span class='ocrx_word' id='word_1_235' title='bbox 2694 3093 2938 3184; x_wconf 88' lang='lat' dir='ltr'><strong>desiit,</strong></span> <span class='ocrx_word' id='word_1_236' title='bbox 2987 3118 3216 3194; x_wconf 90' lang='lat' dir='ltr'><strong>neque</strong></span> <span class='ocrx_word' id='word_1_237' title='bbox 3267 3094 3658 3194; x_wconf 89' lang='lat' dir='ltr'><strong>periculum</strong></span> 
     </span>
     <span class='ocr_line' id='line_1_22' title="bbox 614 3210 3659 3313; baseline 0.001 -28"><span class='ocrx_word' id='word_1_238' title='bbox 614 3217 725 3286; x_wconf 88' lang='lat' dir='ltr'><strong>est</strong></span> <span class='ocrx_word' id='word_1_239' title='bbox 742 3266 764 3299; x_wconf 90' lang='lat'>,</span> <span class='ocrx_word' id='word_1_240' title='bbox 808 3233 901 3286; x_wconf 88' lang='lat' dir='ltr'><strong>ne</strong></span> <span class='ocrx_word' id='word_1_241' title='bbox 954 3210 1030 3286; x_wconf 91' lang='lat' dir='ltr'><strong>in</strong></span> <span class='ocrx_word' id='word_1_242' title='bbox 1080 3210 1416 3288; x_wconf 89' lang='lat' dir='ltr'><strong>librorum</strong></span> <span class='ocrx_word' id='word_1_243' title='bbox 1457 3211 1889 3289; x_wconf 88' lang='lat' dir='ltr'><strong>authentiam</strong></span> <span class='ocrx_word' id='word_1_244' title='bbox 1934 3221 2006 3289; x_wconf 91' lang='lat' dir='ltr'><strong>et</strong></span> <span class='ocrx_word' id='word_1_245' title='bbox 2045 3222 2410 3290; x_wconf 85' lang='lat' dir='ltr'><strong>auctorum</strong></span> <span class='ocrx_word' id='word_1_246' title='bbox 2444 3214 2951 3310; x_wconf 66' lang='grc' dir='ltr'><strong>ἀξιοπιστίαν</strong></span> <span class='ocrx_word' id='word_1_247' title='bbox 2989 3213 3418 3313; x_wconf 87' lang='lat' dir='ltr'><strong>inquirentes</strong></span> <span class='ocrx_word' id='word_1_248' title='bbox 3433 3272 3454 3302; x_wconf 87' lang='lat'><em>,</em></span> <span class='ocrx_word' id='word_1_249' title='bbox 3491 3211 3659 3288; x_wconf 89' lang='lat' dir='ltr'><strong>fidei</strong></span> 
     </span>
     <span class='ocr_line' id='line_1_23' title="bbox 614 3330 3730 3434; baseline 0.001 -30"><span class='ocrx_word' id='word_1_250' title='bbox 614 3335 889 3406; x_wconf 85' lang='lat' dir='ltr'><strong>nostrae</strong></span> <span class='ocrx_word' id='word_1_251' title='bbox 948 3330 1289 3406; x_wconf 82' lang='lat' dir='ltr'><strong>damnum</strong></span> <span class='ocrx_word' id='word_1_252' title='bbox 1354 3331 1721 3430; x_wconf 87' lang='lat' dir='ltr'><strong>patiamur.</strong></span> <span class='ocrx_word' id='word_1_253' title='bbox 1821 3334 2025 3410; x_wconf 85' lang='lat' dir='ltr'><strong>Quae</strong></span> <span class='ocrx_word' id='word_1_254' title='bbox 2088 3357 2311 3434; x_wconf 88' lang='lat' dir='ltr'><strong>quum</strong></span> <span class='ocrx_word' id='word_1_255' title='bbox 2358 3331 2463 3408; x_wconf 85' lang='lat' dir='ltr'><strong>ita</strong></span> <span class='ocrx_word' id='word_1_256' title='bbox 2513 3332 2694 3422; x_wconf 86' lang='lat' dir='ltr'><strong>sint,</strong></span> <span class='ocrx_word' id='word_1_257' title='bbox 2753 3359 2798 3408; x_wconf 87' lang='lat' dir='ltr'><strong>a</strong></span> <span class='ocrx_word' id='word_1_258' title='bbox 2849 3332 3171 3433; x_wconf 80' lang='lat' dir='ltr'><strong>theologo</strong></span> <span class='ocrx_word' id='word_1_259' title='bbox 3220 3333 3655 3433; x_wconf 85' lang='lat' dir='ltr'><strong>postulamus</strong></span> <span class='ocrx_word' id='word_1_260' title='bbox 3725 3366 3730 3374; x_wconf 93' lang='lat'>·</span> 
     </span>
     <span class='ocr_line' id='line_1_24' title="bbox 615 3429 3658 3583; baseline 0.001 -59"><span class='ocrx_word' id='word_1_261' title='bbox 615 3429 1059 3583; x_wconf 83' lang='lat' dir='ltr'><strong>dogmatico,</strong></span> <span class='ocrx_word' id='word_1_262' title='bbox 1119 3456 1205 3524; x_wconf 90' lang='lat' dir='ltr'><strong>ut</strong></span> <span class='ocrx_word' id='word_1_263' title='bbox 1278 3449 1471 3526; x_wconf 85' lang='lat' dir='ltr'><strong>nulla</strong></span> <span class='ocrx_word' id='word_1_264' title='bbox 1534 3450 1623 3527; x_wconf 89' lang='lat' dir='ltr'><strong>de</strong></span> <span class='ocrx_word' id='word_1_265' title='bbox 1692 3451 2127 3527; x_wconf 83' lang='lat' dir='ltr'><strong>revelationis</strong></span> <span class='ocrx_word' id='word_1_266' title='bbox 2182 3458 2316 3527; x_wconf 90' lang='lat' dir='ltr'><strong>aut</strong></span> <span class='ocrx_word' id='word_1_267' title='bbox 2376 3449 2852 3551; x_wconf 83' lang='lat' dir='ltr'><strong>inspirationis</strong></span> <span class='ocrx_word' id='word_1_268' title='bbox 2921 3451 3128 3526; x_wconf 83' lang='lat' dir='ltr'><strong>modo</strong></span> <span class='ocrx_word' id='word_1_269' title='bbox 3190 3450 3658 3550; x_wconf 86' lang='lat' dir='ltr'><strong>praeiudicata</strong></span> 
     </span>
     <span class='ocr_line' id='line_1_25' title="bbox 612 3565 3657 3702; baseline -0 -57"><span class='ocrx_word' id='word_1_270' title='bbox 612 3567 935 3667; x_wconf 89' lang='lat' dir='ltr'><strong>opinione</strong></span> <span class='ocrx_word' id='word_1_271' title='bbox 999 3568 1370 3701; x_wconf 80' lang='lat' dir='ltr'><strong>abreptus,</strong></span> <span class='ocrx_word' id='word_1_272' title='bbox 1430 3569 1666 3668; x_wconf 88' lang='lat' dir='ltr'><strong>ipsum</strong></span> <span class='ocrx_word' id='word_1_273' title='bbox 1732 3566 1820 3644; x_wconf 96' lang='lat' dir='ltr'><strong>V.</strong></span> <span class='ocrx_word' id='word_1_274' title='bbox 1879 3569 2403 3644; x_wconf 78' lang='lat' dir='ltr'><strong>Testamentum</strong></span> <span class='ocrx_word' id='word_1_275' title='bbox 2457 3565 2792 3702; x_wconf 86' lang='lat' dir='ltr'><strong>perpetuo</strong></span> <span class='ocrx_word' id='word_1_276' title='bbox 2845 3567 3171 3644; x_wconf 86' lang='lat' dir='ltr'><strong>manibus</strong></span> <span class='ocrx_word' id='word_1_277' title='bbox 3217 3575 3428 3645; x_wconf 86' lang='lat' dir='ltr'><strong>terat.</strong></span> <span class='ocrx_word' id='word_1_278' title='bbox 3485 3567 3657 3644; x_wconf 81' lang='lat' dir='ltr'><strong>haec</strong></span> 
     </span>
     <span class='ocr_line' id='line_1_26' title="bbox 614 3685 3658 3786; baseline 0.001 -26"><span class='ocrx_word' id='word_1_279' title='bbox 614 3686 802 3762; x_wconf 91' lang='lat' dir='ltr'><strong>enim</strong></span> <span class='ocrx_word' id='word_1_280' title='bbox 854 3685 1061 3762; x_wconf 87' lang='lat' dir='ltr'><strong>unica</strong></span> <span class='ocrx_word' id='word_1_281' title='bbox 1108 3687 1219 3763; x_wconf 88' lang='lat' dir='ltr'><strong>via</strong></span> <span class='ocrx_word' id='word_1_282' title='bbox 1272 3694 1419 3776; x_wconf 87' lang='lat' dir='ltr'><strong>est,</strong></span> <span class='ocrx_word' id='word_1_283' title='bbox 1470 3711 1611 3786; x_wconf 88' lang='lat' dir='ltr'><strong>qua</strong></span> <span class='ocrx_word' id='word_1_284' title='bbox 1652 3693 1725 3762; x_wconf 88' lang='lat' dir='ltr'><strong>et</strong></span> <span class='ocrx_word' id='word_1_285' title='bbox 1770 3687 1860 3762; x_wconf 89' lang='lat' dir='ltr'><strong>de</strong></span> <span class='ocrx_word' id='word_1_286' title='bbox 1910 3685 2144 3763; x_wconf 85' lang='lat' dir='ltr'><strong>divina</strong></span> <span class='ocrx_word' id='word_1_287' title='bbox 2188 3687 2340 3763; x_wconf 89' lang='lat' dir='ltr'><strong>eius</strong></span> <span class='ocrx_word' id='word_1_288' title='bbox 2392 3687 2660 3786; x_wconf 87' lang='lat' dir='ltr'><strong>origine</strong></span> <span class='ocrx_word' id='word_1_289' title='bbox 2711 3687 3124 3765; x_wconf 84' lang='lat' dir='ltr'><strong>vindicanda</strong></span> <span class='ocrx_word' id='word_1_290' title='bbox 3161 3695 3237 3764; x_wconf 92' lang='lat' dir='ltr'><strong>et</strong></span> <span class='ocrx_word' id='word_1_291' title='bbox 3285 3688 3374 3765; x_wconf 91' lang='lat' dir='ltr'><strong>de</strong></span> <span class='ocrx_word' id='word_1_292' title='bbox 3421 3696 3658 3764; x_wconf 86' lang='lat' dir='ltr'><strong>aucto-</strong></span> 
     </span>
     <span class='ocr_line' id='line_1_27' title="bbox 613 3804 2607 3884; baseline 0.001 -3"><span class='ocrx_word' id='word_1_293' title='bbox 613 3804 815 3881; x_wconf 84' lang='lat' dir='ltr'><strong>ritate</strong></span> <span class='ocrx_word' id='word_1_294' title='bbox 856 3805 924 3879; x_wconf 90' lang='lat' dir='ltr'><strong>ei</strong></span> <span class='ocrx_word' id='word_1_295' title='bbox 964 3805 1149 3880; x_wconf 83' lang='lat' dir='ltr'><strong>inter</strong></span> <span class='ocrx_word' id='word_1_296' title='bbox 1191 3805 1621 3882; x_wconf 88' lang='lat' dir='ltr'><strong>Christianos</strong></span> <span class='ocrx_word' id='word_1_297' title='bbox 1667 3805 2044 3883; x_wconf 89' lang='lat' dir='ltr'><strong>tribuenda</strong></span> <span class='ocrx_word' id='word_1_298' title='bbox 2082 3813 2271 3882; x_wconf 85' lang='lat' dir='ltr'><strong>certo</strong></span> <span class='ocrx_word' id='word_1_299' title='bbox 2317 3813 2607 3884; x_wconf 85' lang='lat' dir='ltr'><strong>constet.</strong></span> 
     </span>
    </p>

    <p class='ocr_par' dir='ltr' id='par_1_3' title="bbox 616 3924 3656 4864">
     <span class='ocr_line' id='line_1_28' title="bbox 710 3924 3656 4026; baseline 0.002 -28"><span class='ocrx_word' id='word_1_300' title='bbox 710 3925 915 3999; x_wconf 91' lang='lat' dir='ltr'><strong>Idem</strong></span> <span class='ocrx_word' id='word_1_301' title='bbox 976 3933 1213 4001; x_wconf 89' lang='lat' dir='ltr'><strong>autem</strong></span> <span class='ocrx_word' id='word_1_302' title='bbox 1273 3925 1588 4002; x_wconf 90' lang='lat' dir='ltr'><strong>studium</strong></span> <span class='ocrx_word' id='word_1_303' title='bbox 1650 3925 1787 4002; x_wconf 87' lang='lat' dir='ltr'><strong>illis</strong></span> <span class='ocrx_word' id='word_1_304' title='bbox 1838 3927 2470 4002; x_wconf 84' lang='lat' dir='ltr'><strong>commendandum</strong></span> <span class='ocrx_word' id='word_1_305' title='bbox 2524 3933 2670 4016; x_wconf 85' lang='lat' dir='ltr'><strong>est,</strong></span> <span class='ocrx_word' id='word_1_306' title='bbox 2719 3924 2844 4024; x_wconf 92' lang='lat' dir='ltr'><strong>qui</strong></span> <span class='ocrx_word' id='word_1_307' title='bbox 2883 3925 2960 4002; x_wconf 92' lang='lat' dir='ltr'><strong>in</strong></span> <span class='ocrx_word' id='word_1_308' title='bbox 3002 3926 3412 4004; x_wconf 84' lang='lat' dir='ltr'><strong>contrariam</strong></span> <span class='ocrx_word' id='word_1_309' title='bbox 3449 3926 3656 4026; x_wconf 90' lang='lat' dir='ltr'><strong>plane</strong></span> 
     </span>
     <span class='ocr_line' id='line_1_29' title="bbox 616 4044 3656 4144; baseline 0.001 -24"><span class='ocrx_word' id='word_1_310' title='bbox 616 4052 897 4120; x_wconf 90' lang='lat' dir='ltr'><strong>ruentes</strong></span> <span class='ocrx_word' id='word_1_311' title='bbox 936 4053 1203 4144; x_wconf 84' lang='lat' dir='ltr'><strong>partem</strong></span> <span class='ocrx_word' id='word_1_312' title='bbox 1223 4101 1245 4134; x_wconf 90' lang='lat'>,</span> <span class='ocrx_word' id='word_1_313' title='bbox 1292 4068 1499 4121; x_wconf 91' lang='lat' dir='ltr'><strong>omne</strong></span> <span class='ocrx_word' id='word_1_314' title='bbox 1543 4045 1735 4144; x_wconf 91' lang='lat' dir='ltr'><strong>quod</strong></span> <span class='ocrx_word' id='word_1_315' title='bbox 1770 4045 1953 4120; x_wconf 88' lang='lat' dir='ltr'><strong>inter</strong></span> <span class='ocrx_word' id='word_1_316' title='bbox 1991 4044 2265 4121; x_wconf 82' lang='lat' dir='ltr'><strong>Veteris</strong></span> <span class='ocrx_word' id='word_1_317' title='bbox 2304 4053 2378 4121; x_wconf 89' lang='lat' dir='ltr'><strong>et</strong></span> <span class='ocrx_word' id='word_1_318' title='bbox 2415 4045 2600 4121; x_wconf 89' lang='lat' dir='ltr'><strong>Novi</strong></span> <span class='ocrx_word' id='word_1_319' title='bbox 2631 4046 2958 4122; x_wconf 85' lang='lat' dir='ltr'><strong>Foederis</strong></span> <span class='ocrx_word' id='word_1_320' title='bbox 3002 4046 3213 4122; x_wconf 87' lang='lat' dir='ltr'><strong>libros</strong></span> <span class='ocrx_word' id='word_1_321' title='bbox 3253 4046 3656 4122; x_wconf 85' lang='lat' dir='ltr'><strong>observatur</strong></span> 
     </span>
     <span class='ocr_line' id='line_1_30' title="bbox 618 4163 3654 4265; baseline 0 -25"><span class='ocrx_word' id='word_1_322' title='bbox 618 4163 989 4240; x_wconf 87' lang='lat' dir='ltr'><strong>discrimen</strong></span> <span class='ocrx_word' id='word_1_323' title='bbox 1064 4163 1299 4238; x_wconf 88' lang='lat' dir='ltr'><strong>tollere</strong></span> <span class='ocrx_word' id='word_1_324' title='bbox 1370 4164 1712 4241; x_wconf 85' lang='lat' dir='ltr'><strong>videntur.</strong></span> <span class='ocrx_word' id='word_1_325' title='bbox 1836 4164 1953 4240; x_wconf 91' lang='lat' dir='ltr'><strong>Illi</strong></span> <span class='ocrx_word' id='word_1_326' title='bbox 2024 4189 2113 4240; x_wconf 87' lang='lat' dir='ltr'><strong>ex</strong></span> <span class='ocrx_word' id='word_1_327' title='bbox 2182 4165 2494 4265; x_wconf 79' lang='lat' dir='ltr'><strong>ipsorum</strong></span> <span class='ocrx_word' id='word_1_328' title='bbox 2573 4165 3056 4242; x_wconf 88' lang='lat' dir='ltr'><strong>Hebraeorum</strong></span> <span class='ocrx_word' id='word_1_329' title='bbox 3070 4223 3094 4255; x_wconf 89' lang='lat'>,</span> <span class='ocrx_word' id='word_1_330' title='bbox 3162 4166 3654 4265; x_wconf 87' lang='lat' dir='ltr'><strong>prophetarum</strong></span> 
     </span>
     <span class='ocr_line' id='line_1_31' title="bbox 618 4281 3654 4384; baseline 0 -26"><span class='ocrx_word' id='word_1_331' title='bbox 618 4282 1023 4381; x_wconf 86' lang='lat' dir='ltr'><strong>praesertim</strong></span> <span class='ocrx_word' id='word_1_332' title='bbox 1042 4339 1065 4372; x_wconf 85' lang='lat'>,</span> <span class='ocrx_word' id='word_1_333' title='bbox 1135 4281 1531 4358; x_wconf 89' lang='lat' dir='ltr'><strong>testimonio</strong></span> <span class='ocrx_word' id='word_1_334' title='bbox 1603 4283 1916 4374; x_wconf 88' lang='lat' dir='ltr'><strong>discant,</strong></span> <span class='ocrx_word' id='word_1_335' title='bbox 1992 4285 2165 4384; x_wconf 91' lang='lat' dir='ltr'><strong>quid</strong></span> <span class='ocrx_word' id='word_1_336' title='bbox 2234 4285 2311 4360; x_wconf 92' lang='lat' dir='ltr'><strong>in</strong></span> <span class='ocrx_word' id='word_1_337' title='bbox 2385 4284 2624 4360; x_wconf 89' lang='lat' dir='ltr'><strong>Veteri</strong></span> <span class='ocrx_word' id='word_1_338' title='bbox 2685 4285 2993 4360; x_wconf 89' lang='lat' dir='ltr'><strong>Foedere</strong></span> <span class='ocrx_word' id='word_1_339' title='bbox 3025 4348 3029 4352; x_wconf 91' lang='lat'><strong>.</strong></span> <span class='ocrx_word' id='word_1_340' title='bbox 3057 4307 3214 4359; x_wconf 90' lang='lat' dir='ltr'><strong>aere</strong></span> <span class='ocrx_word' id='word_1_341' title='bbox 3281 4281 3654 4382; x_wconf 90' lang='lat' dir='ltr'><strong>perennius</strong></span> 
     </span>
     <span class='ocr_line' id='line_1_32' title="bbox 621 4400 3650 4504; baseline 0 -26"><span class='ocrx_word' id='word_1_342' title='bbox 621 4400 1025 4478; x_wconf 87' lang='lat' dir='ltr'><strong>habendum</strong></span> <span class='ocrx_word' id='word_1_343' title='bbox 1078 4400 1209 4490; x_wconf 86' lang='lat' dir='ltr'><strong>sit,</strong></span> <span class='ocrx_word' id='word_1_344' title='bbox 1271 4401 1448 4502; x_wconf 87' lang='lat' dir='ltr'><strong>quid.</strong></span> <span class='ocrx_word' id='word_1_345' title='bbox 1486 4410 1645 4502; x_wconf 87' lang='lat' dir='ltr'><strong>post</strong></span> <span class='ocrx_word' id='word_1_346' title='bbox 1686 4403 1745 4478; x_wconf 94' lang='lat' dir='ltr'><strong>C</strong></span> <span class='ocrx_word' id='word_1_347' title='bbox 1764 4403 1813 4478; x_wconf 92' lang='lat' dir='ltr'><strong>h</strong></span> <span class='ocrx_word' id='word_1_348' title='bbox 1829 4403 1907 4478; x_wconf 85' lang='lat' dir='ltr'><strong>ri</strong></span> <span class='ocrx_word' id='word_1_349' title='bbox 1922 4426 1958 4478; x_wconf 88' lang='lat' dir='ltr'><strong>s</strong></span> <span class='ocrx_word' id='word_1_350' title='bbox 1974 4403 2051 4479; x_wconf 90' lang='lat' dir='ltr'><strong>ti</strong></span> <span class='ocrx_word' id='word_1_351' title='bbox 2097 4403 2478 4479; x_wconf 88' lang='lat' dir='ltr'><strong>adventum</strong></span> <span class='ocrx_word' id='word_1_352' title='bbox 2521 4404 2676 4504; x_wconf 86' lang='lat' dir='ltr'><strong>ipso</strong></span> <span class='ocrx_word' id='word_1_353' title='bbox 2713 4402 2896 4479; x_wconf 80' lang='lat' dir='ltr'><strong>facto</strong></span> <span class='ocrx_word' id='word_1_354' title='bbox 2935 4402 3148 4478; x_wconf 82' lang='lat' dir='ltr'><strong>fuerit</strong></span> <span class='ocrx_word' id='word_1_355' title='bbox 3195 4403 3650 4503; x_wconf 85' lang='lat' dir='ltr'><strong>abrogatum,</strong></span> <span class='ocrx_word' id='word_1_356' title='bbox 3631 4435 3647 4452; x_wconf 94' lang='lat'><strong>·</strong></span> 
     </span>
     <span class='ocr_line' id='line_1_33' title="bbox 621 4519 3651 4622; baseline 0.001 -26"><span class='ocrx_word' id='word_1_357' title='bbox 621 4519 710 4596; x_wconf 86' lang='lat' dir='ltr'><strong>ab</strong></span> <span class='ocrx_word' id='word_1_358' title='bbox 775 4519 915 4594; x_wconf 88' lang='lat' dir='ltr'><strong>illis</strong></span> <span class='ocrx_word' id='word_1_359' title='bbox 969 4520 1382 4610; x_wconf 87' lang='lat' dir='ltr'><strong>doceantur,</strong></span> <span class='ocrx_word' id='word_1_360' title='bbox 1444 4521 1595 4596; x_wconf 89' lang='lat' dir='ltr'><strong>iure</strong></span> <span class='ocrx_word' id='word_1_361' title='bbox 1638 4547 1683 4597; x_wconf 90' lang='lat' dir='ltr'><strong>a</strong></span> <span class='ocrx_word' id='word_1_362' title='bbox 1727 4521 2058 4622; x_wconf 86' lang='lat' dir='ltr'><strong>religione</strong></span> <span class='ocrx_word' id='word_1_363' title='bbox 2104 4546 2245 4598; x_wconf 86' lang='lat' dir='ltr'><strong>una</strong></span> <span class='ocrx_word' id='word_1_364' title='bbox 2288 4545 2562 4622; x_wconf 80' lang='lat' dir='ltr'><strong>semper</strong></span> <span class='ocrx_word' id='word_1_365' title='bbox 2601 4529 2674 4597; x_wconf 89' lang='lat' dir='ltr'><strong>et</strong></span> <span class='ocrx_word' id='word_1_366' title='bbox 2709 4521 2955 4598; x_wconf 90' lang='lat' dir='ltr'><strong>eadem</strong></span> <span class='ocrx_word' id='word_1_367' title='bbox 3000 4521 3152 4598; x_wconf 89' lang='lat' dir='ltr'><strong>eius</strong></span> <span class='ocrx_word' id='word_1_368' title='bbox 3189 4521 3484 4598; x_wconf 80' lang='lat' dir='ltr'><strong>formam</strong></span> <span class='ocrx_word' id='word_1_369' title='bbox 3543 4523 3651 4599; x_wconf 90' lang='lat' dir='ltr'><strong>di·</strong></span> 
     </span>
     <span class='ocr_line' id='line_1_34' title="bbox 623 4639 3648 4742; baseline 0.001 -25"><span class='ocrx_word' id='word_1_370' title='bbox 623 4639 889 4741; x_wconf 90' lang='lat' dir='ltr'><strong>stingui</strong></span> <span class='ocrx_word' id='word_1_371' title='bbox 942 4639 1077 4715; x_wconf 87' lang='lat' dir='ltr'><strong>alio</strong></span> <span class='ocrx_word' id='word_1_372' title='bbox 1138 4647 1446 4740; x_wconf 89' lang='lat' dir='ltr'><strong>tempore</strong></span> <span class='ocrx_word' id='word_1_373' title='bbox 1505 4639 1733 4718; x_wconf 86' lang='lat' dir='ltr'><strong>aliam.</strong></span> <span class='ocrx_word' id='word_1_374' title='bbox 1830 4641 2083 4742; x_wconf 84' lang='lat' dir='ltr'><strong>Itaque</strong></span> <span class='ocrx_word' id='word_1_375' title='bbox 2148 4640 2472 4718; x_wconf 88' lang='lat' dir='ltr'><strong>desinant</strong></span> <span class='ocrx_word' id='word_1_376' title='bbox 2533 4665 2690 4718; x_wconf 87' lang='lat' dir='ltr'><strong>eam</strong></span> <span class='ocrx_word' id='word_1_377' title='bbox 2729 4639 3082 4742; x_wconf 86' lang='lat' dir='ltr'><strong>religionis</strong></span> <span class='ocrx_word' id='word_1_378' title='bbox 3133 4639 3428 4718; x_wconf 86' lang='lat' dir='ltr'><strong>formam</strong></span> <span class='ocrx_word' id='word_1_379' title='bbox 3469 4649 3648 4718; x_wconf 89' lang='lat' dir='ltr'><strong>tam-</strong></span> 
     </span>
     <span class='ocr_line' id='line_1_35' title="bbox 622 4756 3650 4864; baseline -0.001 -24"><span class='ocrx_word' id='word_1_380' title='bbox 622 4784 837 4858; x_wconf 82' lang='lat' dir='ltr'><strong>quam</strong></span> <span class='ocrx_word' id='word_1_381' title='bbox 900 4756 1227 4836; x_wconf 88' lang='lat' dir='ltr'><strong>omnibus</strong></span> <span class='ocrx_word' id='word_1_382' title='bbox 1286 4761 1597 4838; x_wconf 87' lang='lat' dir='ltr'><strong>numeris</strong></span> <span class='ocrx_word' id='word_1_383' title='bbox 1650 4760 2041 4841; x_wconf 84' lang='lat' dir='ltr'><strong>absolutam</strong></span> <span class='ocrx_word' id='word_1_384' title='bbox 2086 4761 2610 4856; x_wconf 85' lang='lat' dir='ltr'><strong>commendare,</strong></span> <span class='ocrx_word' id='word_1_385' title='bbox 2675 4785 2856 4864; x_wconf 84' lang='lat' dir='ltr'><strong>quae</strong></span> <span class='ocrx_word' id='word_1_386' title='bbox 2897 4761 3178 4841; x_wconf 82' lang='lat' dir='ltr'><strong>aliam</strong></span> <span class='ocrx_word' id='word_1_387' title='bbox 3153 4787 3308 4864; x_wconf 76' lang='lat' dir='ltr'><strong>ipsa</strong></span> <span class='ocrx_word' id='word_1_388' title='bbox 3356 4783 3650 4860; x_wconf 89' lang='lat' dir='ltr'><strong>eamque</strong></span> 
     </span>
    </p>
   </div>
  </div>
 </body>
</html>
