4766 6034
1237 622 1322 691 90
2448 620 2526 687 Η.
2596 620 2665 687 Ε.
2736 618 3083 689 VINKE

1245 828 1552 929 nspeculi
1593 852 1744 904 esse
1785 828 2123 918 dicimus,
2171 826 2246 901 in
2291 849 2431 927 quo
2475 829 2710 903 Deum
2750 827 3109 903 intueatur
3149 824 3372 900 fides''
3410 824 3567 919 ¹¹⁴).
3647 826 3766 901 Ad
3808 825 4225 925 quaestionem

1237 956 1514 1025 autem.
1587 949 1759 1048 quid
1811 951 1886 1023 in
1953 948 2162 1025 verbo
2229 947 2518 1023 Domini
2576 948 2872 1047 reperiat
2935 948 3150 1036 fides,
3223 969 3365 1044 quo
3428 946 3691 1023 nitatur
3746 954 3819 1021 et
3876 947 4227 1049 recumbat?

1238 1068 1508 1170 'praeter
1555 1069 1690 1146 alia
1743 1071 1912 1146 haec
1964 1068 2370 1170 respondet.
2448 1069 2689 1144 nIusta
2736 1068 2904 1142 fidei
2948 1067 3261 1165 definitio
3313 1066 3517 1141 nobis
3561 1065 3944 1155 constabit,
3992 1066 4047 1140 si
4083 1066 4228 1142 dica-

1243 1213 1442 1265 nmus
1515 1214 1664 1265 esse
1726 1191 1998 1267 divinae
2051 1216 2217 1291 erga
2285 1215 2413 1266 nos
2470 1188 2987 1264 benevolentiae
3031 1190 3301 1263 firmam
3348 1193 3746 1286 certamque
3780 1186 4229 1287 cognitionem,

1245 1332 1468 1406 aquae
1513 1308 1858 1407 gratuitae
1895 1308 1970 1383 in
2014 1306 2293 1384 Christo
2334 1306 2807 1407 promissionis
2856 1305 3137 1381 veritate
3182 1306 3477 1383 fundata
3494 1366 3515 1396 ,
3564 1333 3689 1408 per
3728 1308 4057 1407 Spiritum
4096 1308 4154 1381 S.
4178 1306 4234 1381 et

1245 1428 1630 1503 nrevelatur
1667 1428 2024 1503 mentibus
2055 1428 2310 1504 nostris
2328 1486 2349 1516 ,
2390 1426 2463 1501 et
2493 1426 2822 1502 cordibus
2860 1425 3319 1525 obsignatur'’
3336 1428 3493 1522 ¹¹⁶).
3511 1470 3610 1485 --
3653 1429 3859 1502 nNon
3894 1428 4036 1502 sine
4068 1426 4251 1501 causa‘

1247 1548 1364 1623 nin
1409 1547 1687 1623 Christo
1736 1548 2224 1648 promissiones
2265 1571 2510 1622 omnes
2550 1547 3067 1622 concludimus:
3131 1548 3413 1646 quando
3454 1561 3527 1623 et
3580 1547 3733 1623 eius
3778 1547 4115 1648 agnitione
4154 1557 4235 1619 to·

1247 1676 1446 1744 utum
1497 1669 1956 1768 Evangelium
1992 1669 2374 1769 Apostolus
2411 1667 2808 1743 concludit'’
2846 1668 3001 1761 1¹⁰).
3028 1710 3127 1725 -
3170 1668 3420 1744 nFides
3459 1669 3533 1743 in
3576 1668 3838 1744 Christi
3878 1668 4109 1743 notitia
4138 1668 4240 1742 sits

1250 1796 1418 1864 nest.
1493 1789 1814 1864 Christus
1857 1790 1994 1865 nisi
2029 1813 2192 1865 cum
2235 1788 2537 1888 Spiritus
2582 1770 2707 1862 sui'
2740 1785 3278 1864 sanctificatione
3314 1790 3638 1889 cognosci
3683 1788 3950 1888 nequit.
4026 1788 4239 1864 Conse-

1211 1909 1571 2008 -nquitur,
1638 1910 1853 1985 fidem
1913 1936 1956 1984 a
2004 1911 2120 2011 pio
2166 1908 2421 1984 affectu
2470 1908 2662 1983 nullo
2712 1909 2922 1985 modo
2978 1932 3129 1983 esse
3190 1909 3753 1984 distrahendam”
3805 1912 3961 2003 ¹¹⁷).
4004 1952 4097 1967 —-
4141 1910 4242 1981 nln

1251 2054 1571 2106 asumma
1589 2087 1609 2119 ,
1661 2054 1816 2105 vere
1861 2030 2086 2105 fidelis
2125 2054 2267 2106 non
2317 2038 2457 2117 est,
2506 2028 2643 2139 nisi
2691 2028 2815 2127 qui
2858 2028 3075 2103 solida
3116 2030 3558 2128 persuasione
3603 2032 3839 2105 Deum
3887 2030 4017 2105 sibi
4056 2030 4242 2129 propi-

1251 2180 1289 2221 n
1297 2151 1474 2226 tium
1522 2150 2072 2249 benevolumque
2117 2152 2399 2226 Patrem
2449 2174 2599 2226 esse
2640 2174 3013 2249 persuasus
3031 2206 3051 2238 ,
3102 2150 3190 2224 de
3231 2151 3381 2225 eius
3419 2150 3851 2251 benignitate
3892 2151 4110 2225 omnia
4141 2149 4247 2223 sibi

1129 2330 1134 2337 .
1255 2272 1696 2371 tepollioetur3
1767 2270 1905 2346 nisi
1966 2270 2090 2370 qui
2147 2271 2419 2346 divinae
2482 2295 2647 2370 erga
2710 2295 2783 2345 se
2838 2270 3353 2346 benevolentiae
3413 2270 3987 2370 promissioni-bus
4030 2270 4245 2355 fretus,

1253 2391 1764 2467 etindubitatam
1808 2391 2052 2467 salutis
2095 2390 2680 2491 exspectationem
2724 2390 3151 2489 praesumit”
3196 2393 3348 2483 118).
3392 2432 3491 2447 --
3542 2392 3702 2466 ιιΑᾱ
3757 2391 3971 2467 talem
4024 2390 4249 2465 divinae

1252 2511 1624 2587 nbonitatis
1689 2519 1978 2611 gustum
2045 2510 2567 2610 percipiendum
2634 2511 2983 2608 quomodo
3044 2536 3117 2585 se
3162 2511 3430 2586 attollat
3477 2510 3753 2587 animus
3770 2570 3791 2601 ,
3864 2512 4034 2611 quin
4082 2509 4251 2585 simul

1252 2633 1386 2709 aad
1423 2632 1928 2707 redamandum
1975 2632 2209 2706 Deum
2259 2638 2452 2707 totus
2502 2630 2970 2707 accendatur?
3067 2631 3245 2705 Vere
3296 2631 3482 2706 enim
3531 2634 3855 2731 cognosci
3905 2632 4022 2707 illa
4069 2629 4249 2706 suavi·

1253 2751 1461 2828 utatis
1521 2750 1878 2827 affluentia
1935 2774 2076 2826 non
2123 2758 2393 2851 potest,
2461 2776 2676 2851 quam
2725 2752 2921 2827 Deus
2971 2751 3381 2827 timentibus
3430 2776 3505 2827 se
3548 2752 3981 2842 recondidit,
4030 2760 4103 2827 ut
4142 2774 4252 2826 non

1254 2902 1293 2943 n
1301 2872 1511 2948 simul
1552 2874 1993 2949 vehementer
2031 2872 2304 2949 afficiat.
2408 2874 2647 2953 Quem
2684 2878 2919 2949 autem
2964 2873 3178 2949 semel
3225 2870 3455 2947 affecit
3473 2930 3494 2960 ,
3542 2872 3823 2971 penitus
3872 2874 3969 2949 ad
4010 2898 4079 2949 se
4110 2871 4253 2971 rapit

1251 2999 1369 3068 net
1423 2993 1667 3070 effert”
1701 2994 1856 3088 ¹¹⁹).
1935 2992 2248 3094 Uterque
2305 2992 2555 3094 igitur,
2621 2991 2694 3068 et
2728 2992 3209 3070 Massaron
3244 2993 3314 3070 et
3347 2995 3726 3072 CALvmus
3743 3057 3765 3086 ‚
3808 3023 4003 3072 mnne
4036 2995 4257 3072 verbum

1247 3113 1390 3190 Dei
1453 3116 1618 3191 fidei
1677 3115 2030 3192 obiectum
2097 3114 2303 3204 dicit,
2363 3114 2467 3188 ita
2525 3120 2760 3189 tamen
2820 3122 2903 3189 ut
2946 3113 3132 3190 cerni
3180 3112 3357 3188 illud
3412 3120 3725 3189 statuant
3770 3114 4161 3215 praesertim
4199 3113 4257 3186 in

1245 3236 1626 3336 Evangelio
1642 3293 1663 3326 ,
1731 3236 1806 3311 in
1860 3236 2192 3310 Cnms'ro
2206 3291 2226 3323 ,
2295 3233 2370 3308 in
2431 3233 2585 3308 Deo
2626 3235 2772 3332 ipso
2792 3292 2814 3323 ,
2874 3233 2949 3307 in
2998 3236 3239 3334 yratia
3290 3235 3525 3308 divina
3581 3233 3781 3309 nobis
3834 3236 3916 3311 in
3967 3235 4253 3310 Cnms‘ro

1245 3356 1609 3454 patefacta.
1711 3357 2024 3456 Uterque
2086 3379 2227 3430 non
2276 3379 2419 3431 una
2464 3354 2720 3429 mentis
2774 3355 3219 3453 persuasione
3263 3353 3476 3429 fidem
3526 3355 3789 3430 absolvi
3810 3414 3831 3443 ‚
3908 3358 4029 3432 sed
4079 3353 4255 3430 animi

1250 3474 1456 3550 etiam
1501 3476 1830 3553 fiduciam
1852 3535 1872 3565 ,
1924 3484 1997 3551 et
2040 3475 2218 3552 hanc
2267 3475 2555 3574 quidem
2594 3475 2669 3549 in
2702 3475 2947 3573 primis
2982 3473 3383 3574 complecti,
3436 3481 3713 3550 strenue
3754 3475 4108 3552 contendit
4126 3475 4251 3564 ¹²¹⁰).

1351 3714 1667 3789 Eandem
1715 3715 1882 3791 fidei
1928 3717 2459 3817 descriptionem
2510 3715 2680 3790 dant
2727 3715 2890 3790 libri
2930 3716 3271 3812 symbolis-i
3315 3720 3471 3789 tum
3512 3716 4051 3792 Lutkeranorum
4072 3773 4090 3803 ,
4128 3721 4253 3785 tum

1254 3836 1806 3931 Reformatorum
1825 3869 1847 3909 .·
1907 3861 1949 3911 a
2009 3861 2150 3938 quo
2199 3845 2436 3911 tamen
2486 3833 2845 3936 probando
2891 3834 3056 3909 locis
3106 3833 3536 3911 adducendis
3558 3894 3577 3924 ,
3644 3836 4005 3912 brevitatis
4050 3858 4253 3918 causa,

1256 3953 1572 4030 abstineo
1599 3956 1751 4044 ¹³¹).

1361 4191 1632 4267 Reiecit
1676 4199 1911 4268 autem
1957 4191 2133 4268 hanc
2177 4194 2562 4270 doctrinam
2612 4196 2931 4270 Ecclesia
2970 4195 3306 4268 Romano·
3324 4197 3703 4284 Οαίᾶοἰίσα,
3748 4196 3823 4272 et
3856 4195 4103 4271 obiecti
4119 4195 4221 4284 ¹²²)
4236 4248 4254 4276 ‚

1261 4313 1335 4388 et
1386 4311 1640 4389 indolis
1718 4314 1887 4388 fidei
1957 4314 2220 4389 ratione
2293 4314 2550 4391 habita·
2559 4314 2717 4407 133).
2820 4313 3015 4394 Quid
3033 4316 3068 4387 P
3128 4315 3319 4413 quod
3360 4315 3552 4413 ipsae
3601 4316 3854 4393 deinde
3902 4319 4253 4392 Protestan·

1257 4433 1441 4509 tium
1512 4433 1887 4510 Societates
1948 4433 2158 4508 nimis
2221 4434 2438 4509 eheu!
2518 4434 2708 4510 illam
2770 4434 3244 4534 neglexerunt.
3344 4435 3625 4510 Etenim
3690 4459 3852 4511 cum
3907 4462 4063 4512 vera
4107 4433 4253 4518 fide,

1263 4577 1443 4652 quae
1495 4555 1720 4654 primo
1781 4554 2186 4654 praesertim
2236 4561 2546 4655 tempore
2593 4555 2667 4630 in
2718 4578 2951 4630 rerum
3000 4579 3089 4630 ss.
3144 4555 3737 4658 Instauratoribus
3795 4557 3996 4632 omni
4056 4579 4169 4630 sua
4202 4550 4255 4622 vi

1263 4677 1633 4777 regnabat,
1703 4703 1862 4753 vera
1914 4679 2082 4754 fidei
2147 4677 2340 4752 notio
2386 4680 2641 4754 iterum
2695 4680 2996 4768 evanuit.
3097 4679 3471 4753 Testantur
3517 4677 3645 4752 hoc
3696 4677 4111 4777 deploranda
4146 4674 4253 4746 ista

1275 4797 1710 4874 voluntatum
1756 4799 2124 4874 disiunctio
2144 4855 2164 4887 ,
2220 4799 3001 4898 vehementissimaeque
3047 4798 3202 4873 lites
3220 4855 3241 4887 ,
3288 4797 3377 4872 de
3426 4797 3557 4872 hoc
3605 4797 3805 4874 iuove
3844 4797 4097 4896 placito
4134 4791 4253 4891 agi-
