4766 6034
1161 625 1254 695 34
1557 695 1570 710 ,
2230 627 2300 692 r.
2381 625 2461 691 G.
2546 625 3139 710 Kalliena

1158 837 1356 912 novis
1373 895 1396 925 ‚
1486 834 1880 912 difficilibus
1895 892 1916 925 ,
2000 833 2523 934 audacibusque
2582 834 3098 934 operationibus
3114 893 3136 926 ,
3203 833 3396 936 quod
3454 839 3811 936 tantopere
3864 843 4072 914 aucta
4130 845 4207 914 et

1158 962 1477 1056 promota
1561 955 1720 1029 est?
1842 952 2062 1030 Haud
2142 952 2422 1029 defuere
2504 953 2812 1054 profecto
2875 954 3087 1032 huius
3154 955 3427 1056 generis
3480 980 3661 1032 nova
3722 957 4007 1034 inventa
4021 1016 4042 1049 ,
4124 983 4215 1036 ac

1159 1076 1393 1152 nullus
1441 1074 1582 1151 fere
1629 1082 1736 1150 est
1785 1074 1934 1150 dies
1956 1133 1978 1165 ‚
2037 1074 2208 1174 quin
2257 1099 2302 1150 a
2353 1074 2558 1152 variis
2602 1073 2867 1152 clinicis
2912 1075 3154 1153 nuncii
3207 1077 3409 1154 nobis
3456 1077 3835 1156 afferantur
3868 1102 4219 1156 novarum

1154 1197 1393 1299 peritis
1429 1196 1911 1297 chirurgorum
1955 1195 2282 1272 manibus
2316 1196 2658 1273 factarum
2702 1198 3181 1296 operationum
3194 1256 3215 1288 ,
3277 1222 3454 1299 quas
3488 1199 3775 1275 omnino
3808 1199 3963 1274 fieri
3994 1223 4211 1299 posse

1153 1319 1447 1394 maiores
1489 1319 1710 1394 nostri
1751 1318 1980 1393 animo
2037 1318 2152 1393 vix
2193 1343 2274 1394 ac
2310 1342 2401 1393 ne
2456 1318 2569 1394 vix
2619 1319 2906 1417 quidem
2944 1317 3527 1418 comprehendere
3573 1325 3966 1418 potuerant.
4048 1321 4213 1394 Nec

1153 1448 1388 1516 tamen
1421 1441 1550 1514 hos
1586 1449 1862 1538 egomet
1900 1438 2066 1513 artis
2091 1437 2519 1538 chirurgicae
2538 1439 2887 1540 profectus
2910 1439 3410 1516 nominaverim
3429 1497 3450 1529 ,
3494 1463 3671 1540 quos
3692 1439 3859 1514 fecit
3876 1441 4217 1518 audacter
4264 1513 4273 1520 .

1149 1557 1600 1658 periclitando
1673 1561 1779 1634 vel
1846 1564 2105 1635 temere
2171 1560 2486 1636 conando
2507 1618 2525 1648 ,
2596 1583 2737 1636 non
2794 1560 2926 1637 hoc
2989 1560 3321 1660 equidem
3370 1561 3861 1661 gravissimum
3910 1561 4215 1637 dixerim

1147 1679 1654 1755 incrementum
1725 1680 1916 1778 quod
1989 1679 2210 1780 cepit,
2279 1706 2444 1757 cum
2492 1681 2645 1782 ipsa
2690 1687 2940 1758 natura
2991 1681 3237 1758 acriter
3282 1688 3355 1757 et
3404 1682 3720 1758 ferociter
3770 1683 4211 1772 conflictata3

1151 1800 1276 1876 sed
1323 1800 1496 1899 quid
1544 1799 1829 1875 tandem
1871 1808 2010 1890 est,
2060 1794 2352 1902 rog'atis,
2386 1826 2526 1900 quo
2576 1808 2969 1903 comparato
3018 1808 3377 1902 tantopere
3413 1801 3748 1902 glorietur
3782 1810 3855 1876 et
3902 1801 4211 1902 gestiat?
4298 1833 4307 1841 ·

1147 1922 1432 2021 Duplex
1480 1927 1587 1996 est
1631 1921 1748 1996 illa
1790 1945 2001 2020 quam
2055 1922 2207 1997 volo
2255 1921 2629 1998 hodiernae
2673 1920 3061 2022 chirurgiae
3100 1923 3253 1998 laus
3267 1980 3288 2013 ,
3339 1947 3552 2022 quam
3601 1931 3973 2020 utramque
4012 1921 4207 1998 dein-

1147 2067 1311 2141 ceps
1362 2041 1705 2118 indicabo.
1807 2042 2041 2117 Primo
2087 2043 2237 2119 loco
2281 2042 2797 2119 accuratissime
2850 2043 3265 2142 inquisitum
3316 2051 3427 2118 est
3473 2043 3548 2119 in
3600 2043 3819 2118 varias
3872 2042 4201 2118 mutatio-

1147 2184 1274 2236 nes
1292 2219 1312 2250 ,
1364 2186 1538 2260 quas
1580 2161 1903 2236 materies
1944 2161 2232 2261 eiusque
2277 2162 2456 2236 vires
2490 2161 2893 2237 mechanica
2935 2161 3249 2240 adhibita
3290 2187 3499 2262 opera
3548 2161 3900 2250 subeunti
3946 2161 4197 2238 deinde

1145 2306 1360 2380 quam
1411 2307 1542 2381 ego
1583 2281 1965 2356 maximam
2025 2282 2305 2357 laudem
2349 2281 2643 2358 dixerim
2670 2340 2690 2371 ‚
2739 2281 2814 2358 in
2860 2305 2944 2356 eo
2996 2283 3315 2360 omnium
3356 2283 3609 2358 virium
3630 2281 4075 2358 contentione
4098 2290 4197 2358 est

1143 2403 1571 2480 elaboratum
1591 2461 1611 2491 ,
1685 2410 1767 2477 ut
1843 2402 2170 2478 medendi
2213 2403 2513 2478 rationes
2561 2401 3117 2502 excogitarentur
3136 2461 3157 2492 ,
3214 2402 3473 2503 quibus
3543 2402 3827 2480 affectae
3892 2403 4187 2503 corporis

1142 2530 1374 2625 partes
1415 2528 1850 2598 servarentur
1866 2580 1887 2611 ,
1960 2521 2132 2620 quin
2181 2521 2447 2598 deletae
2492 2521 2879 2622 chirurgiae
2922 2547 3055 2623 ope
3102 2524 3546 2600 reficerentur
3600 2532 3673 2599 et
3723 2524 4181 2598 instauraren-

1143 2653 1282 2719 tur.
1383 2642 1690 2719 Dabitur
1750 2649 2025 2717 nostrae
2087 2643 2331 2719 aetatis
2396 2642 2785 2743 chirurgiae
2860 2645 2983 2720 illa
3059 2645 3212 2721 laus
3231 2703 3251 2734 ‚
3319 2645 3506 2722 illam
3559 2644 3781 2744 magis
3838 2644 4193 2742 magisque

1141 2765 1398 2840 factam
1447 2787 1598 2838 esse
1643 2768 1863 2837 artem
1883 2820 1903 2851 ‚
1977 2762 2068 2838 sit
2112 2763 2312 2838 venia
2356 2765 2567 2840 verbo
2588 2823 2609 2854 ,
2674 2771 3231 2844 conservantem:
3302 2763 3516 2838 missa
3558 2763 3743 2837 enim
3766 2819 3786 2850 ‚
3855 2768 4191 2860 quantum

1142 2884 1295 2960 fieri
1323 2883 1586 2983 possit,
1625 2881 2036 2981 periculosa,
2087 2882 2402 2961 dolorosa
2442 2889 2514 2961 et
2556 2884 3088 2985 sanguinolenta
3123 2883 3416 2960 sanandi
3434 2883 3700 2960 ratione
3716 2941 3737 2974 ,
3785 2906 3869 2957 eo
3889 2882 4185 2958 adducta

1145 3013 1254 3083 est
1277 3066 1298 3097 ,
1341 3012 1426 3081 ut
1465 3003 1814 3105 plerisque
1861 3003 2138 3081 casibus
2179 3003 2434 3083 effectu
2479 3005 2672 3083 haud
2720 3005 2955 3081 minus
2998 3011 3184 3081 certo
3230 3004 3323 3082 ad
3372 3003 3676 3081 eundem
3722 3004 3938 3079 finem
3979 3001 4191 3105 possit

1145 3125 1488 3226 perveniri
1552 3150 1715 3202 cum
1772 3126 1998 3202 multo
2048 3126 2314 3203 minore
2367 3126 2836 3203 laborantium
2883 3126 3115 3203 dolore
3136 3183 3157 3215 ,
3219 3125 3446 3225 iisque
3494 3125 3767 3202 evitatis
3820 3124 4189 3201 mutilatio·

1140 3249 1352 3325 nibus
1371 3308 1392 3341 ,
1439 3272 1616 3349 quas
1655 3246 1730 3321 in
1769 3246 2122 3323 nonnullis
2166 3247 2573 3346 periculosis
2612 3246 2891 3322 casibus
2940 3254 3304 3345 tamquam
3346 3245 3652 3323 unicam„
3670 3245 3851 3321 viam
3885 3244 4195 3321 solebant

1139 3369 1570 3445 considerare
1585 3427 1605 3458 ,
1641 3392 1781 3467 qua
1817 3368 1911 3442 ad
1951 3366 2247 3443 salutem
2280 3368 2609 3467 perviniri
2647 3374 2904 3467 posset.
2962 3369 3117 3443 Iam
3161 3390 3319 3443 vero
3348 3366 3530 3441 inter
3562 3365 3911 3467 optimum
3949 3388 4189 3465 quem-

1141 3514 1282 3589 que
1327 3489 1808 3588 chirurgorum
1856 3487 2066 3563 tacito
2109 3488 2463 3578 convenit,
2534 3487 2917 3565 dummodo
2963 3486 3191 3563 morbi
3244 3486 3510 3563 sanatio
3561 3485 3738 3561 nihil
3776 3485 3943 3560 inde
3984 3483 4189 3561 detri-

1140 3607 1366 3682 menti
1409 3608 1634 3708 capiat
1651 3666 1673 3696 ,
1740 3606 2056 3707 religiose
2101 3608 2604 3684 abstinendum
2653 3632 2806 3685 esse
2850 3607 2940 3684 ab
2986 3630 3411 3707 unaquaque
3455 3605 3657 3680 dubii
3694 3610 3986 3681 eventus
4032 3628 4189 3705 ope-

1139 3728 1406 3804 ratione
1424 3786 1446 3819 ,
1493 3726 1694 3803 cuius
1742 3727 1816 3802 in
1862 3727 2094 3803 locum
2140 3726 2512 3828 simplicior
2558 3736 2772 3828 atque
2820 3727 3055 3803 minus
3098 3726 3481 3827 periculosa
3504 3724 3795 3803 curandi
3820 3724 4189 3801 methodus

1141 3848 1363 3949 possit
1412 3847 1766 3924 substitui.
1825 3848 2078 3947 Neque
2121 3847 2251 3923 hoc
2299 3849 2403 3925 ita
2444 3848 2652 3925 velim
2694 3840 3089 3948 accipiatis*⁸
3126 3848 3217 3923 A.
3258 3846 3393 3923 H.!
3444 3870 3525 3921 ac
3563 3846 3625 3921 si
3666 3844 3860 3921 haud
3892 3844 4189 3944 amplius

1142 3969 1437 4045 dixerim
1485 3969 1843 4069 chirurgos
1889 3968 2182 4050 inveniri
2197 4028 2217 4057 ,
2266 3970 2391 4070 qui
2436 3968 2727 4046 audacia
2784 3976 2997 4070 atque
3044 3967 3261 4067 impia
3300 3966 3691 4045 temeritate
3738 3989 3905 4065 prae
3947 3962 4190 4041 ceteris

1141 4088 1472 4164 excellere
1519 4094 1592 4161 et
1629 4086 2073 4164 inclarescere
2122 4087 2455 4165 nitantur.
2554 4090 2854 4166 Exstant
2905 4089 3121 4189 eheu!
3174 4085 3519 4186 hodieque
3540 4145 3561 4179 ,
3612 4084 3739 4161 sed
3782 4110 4025 4163 eorum
4067 4108 4185 4159 na-

1141 4209 1239 4284 tio
1289 4207 1727 4307 aliquantum
1775 4214 1885 4283 est
1931 4208 2296 4284 diminuta.

1236 4327 1556 4404 Debetur
1573 4387 1593 4418 ‚
1686 4328 1975 4427 inquam
1993 4387 2015 4417 ,
2085 4335 2360 4404 nostrae
2428 4328 2675 4404 aetatis
2744 4327 3132 4429 chirurgiae
3195 4328 3363 4404 artis
3403 4327 3905 4407 „conservantis
3976 4332 4189 4424 atque

1139 4449 1592 4525 restaurantis
1655 4447 2111 4529 honorificum
2168 4472 2424 4525 nomen
2443 4507 2464 4541 ,
2523 4448 2853 4550 quoniam
2900 4448 3223 4524 medetur
3275 4447 3833 4525 mutilationibus
3884 4452 3959 4521 et
4008 4444 4192 4521 tollit

1143 4568 1311 4643 vitia
1325 4626 1348 4657 ,
1401 4593 1578 4667 quae
1625 4568 1776 4643 tolli
1815 4592 2018 4668 posse
2062 4568 2407 4645 maiorum
2460 4576 2857 4645 nostrorum
2901 4568 3167 4643 nemini
3214 4569 3528 4646 animum
3580 4567 3816 4645 subiit.
3898 4568 4189 4645 nQuan-

1145 4696 1384 4789 tepere
1399 4688 1468 4777 ,'’
1553 4688 1664 4765 Cl.
1721 4688 1942 4763 Roux
2007 4688 2210 4778 dicit,
2263 4688 2747 4789 chirurgorum
2794 4689 3454 4765 Franco-Gallorum
3496 4690 3769 4765 Nestor*
3804 4692 3877 4762 et
3933 4685 4150 4761 decus
4168 4744 4191 4774 ,

1145 4807 1288 4883 vita
1333 4808 1728 4909 nuperrime
1773 4808 2180 4900 defunctus,
2233 4816 2703 4911 aquantopere
2746 4810 3312 4912 exsuperavimus
3351 4809 3844 4911 quodcumque
3882 4806 3993 4883 vel
4024 4812 4190 4883 ante
