4766 6034
1918 612 2472 683 ORATIO.
3579 616 3712 683 299

672 847 843 898 usus
903 798 997 897 ad
1058 820 1360 897 abusum
1418 820 1719 897 recidam
1738 877 1759 910 ,
1819 822 2009 921 quod
2056 822 2255 927 facile
2302 830 2411 899 est
2455 823 2530 899 in
2576 830 2988 923 argumento
3035 823 3146 899 vel
3186 846 3374 899 nunc
3423 822 3708 899 minime

672 943 1009 1019 exhausto
1026 1000 1047 1031 ,
1118 949 1189 1017 et
1258 942 1447 1040 quod
1516 941 1769 1041 poterit
1825 942 2083 1019 maiore
2146 944 2221 1018 in
2286 944 2437 1019 dies
2485 944 2726 1020 ardore
2748 1002 2769 1033 ,
2832 950 2905 1019 et
2961 944 3390 1043 argumentis
3436 966 3710 1044 semper

671 1063 867 1139 novis
922 1070 995 1137 et
1054 1061 1630 1152 accuratioribus,
1698 1063 2237 1163 nominibusque
2297 1065 2500 1140 variis
2546 1090 2774 1165 neque
2827 1064 2916 1139 ab
2969 1063 3368 1139 hominibus
3417 1064 3666 1139 iisdem
3685 1122 3706 1153 ‚

669 1182 761 1258 ad
825 1184 1025 1267 fines,
1065 1182 1235 1258 item
1295 1183 1599 1258 diversos
1656 1190 1729 1257 et
1786 1183 1945 1283 plus
2004 1208 2144 1259 uno
2188 1184 2399 1260 modo
2449 1186 2582 1260 sub
2631 1186 2934 1261 iudicem
2982 1185 3300 1261 revocari.
3399 1185 3509 1259 De
3563 1208 3705 1283 quo

672 1303 733 1377 si
784 1326 925 1377 non
984 1302 1255 1377 dudum
1296 1310 1368 1377 et
1408 1304 1849 1407 cogitassem.
1882 1310 1955 1379 et
2008 1303 2519 1404 inquisivissem
2540 1362 2560 1393 ,
2611 1312 2988 1405 praestaret
3037 1315 3293 1394 tacere,
3351 1314 3424 1380 at
3474 1306 3709 1380 omnia

669 1425 809 1499 iam
856 1430 1207 1524 comperta
1253 1446 1367 1497 me
1422 1423 1675 1499 habere
1724 1422 2067 1523 superbus
2112 1446 2334 1499 essem
2382 1432 2456 1499 et
2493 1425 2807 1524 ineptus,
2864 1426 2924 1500 si
2971 1432 3311 1525 putarem.
3414 1425 3504 1499 Id
3554 1425 3708 1499 uni-
3803 1512 3808 1517 ⁶

670 1567 833 1619 cum
890 1544 1131 1642 magni
1186 1566 1339 1617 esse
1402 1541 1679 1618 videtur
1741 1544 2112 1633 momenti,
2180 1545 2311 1619 hoc
2354 1544 2496 1629 iam
2549 1569 2700 1619 esse
2749 1553 3026 1646 tempus
3046 1603 3068 1633 ,
3101 1570 3258 1644 quo
3306 1544 3396 1620 ab
3444 1545 3709 1645 optimo

672 1686 953 1766 quoque
996 1661 1363 1762 cogitanda
1408 1662 1501 1737 sit
1540 1671 1613 1738 et
1653 1664 2155 1763 propugnanda
2199 1664 2582 1743 iuventutis
2627 1672 2900 1741 nostrae
2941 1666 3290 1740 institutio
3307 1722 3326 1755 ,
3379 1667 3708 1765 quoniam

672 1790 745 1857 et
814 1782 1007 1883 vulgi
1082 1781 1489 1857 commentis
1550 1784 1887 1883 premitur
1910 1842 1930 1873 ,
1988 1782 2215 1882 iisque
2280 1777 2718 1884 singulorum
2773 1784 3136 1860 affectibus
3181 1786 3396 1860 animi
3447 1786 3707 1883 quibus

672 1904 846 1978 dum
902 1901 1219 1980 homines
1268 1926 1512 1978 sumus
1562 1928 1701 1980 non
1746 1903 2127 2003 poterimus
2178 1927 2444 1992 carere,
2497 1911 2570 1979 et
2615 1906 2768 2005 ipsa
2818 1904 3090 1993 civitas,
3141 1904 3430 2003 eiusque
3487 1908 3706 2005 magi-

610 2026 613 2031 ’
672 2029 931 2098 stratus
982 2024 1296 2098 nondum
1340 2023 1769 2113 invenerint,
1820 2025 2165 2123 quomodo
2217 2024 2567 2099 labentem
2615 2024 2841 2125 ipsam
2894 2032 2966 2099 et
3025 2024 3458 2101 vacillantem
3503 2025 3710 2100 susti-

673 2150 885 2219 neant
956 2166 1039 2218 ac
1100 2150 1449 2219 tueantur.
1572 2143 1740 2217 Huc
1809 2144 2021 2219 etiam
2091 2150 2576 2242 penetrarunt,
2646 2167 2826 2243 quae
2891 2142 3062 2218 alibi
3118 2168 3446 2244 apparere
3509 2168 3713 2243 saepe
3779 2222 3816 2257 ·

674 2264 973 2338 laetatus
1032 2288 1189 2337 sum
1209 2321 1230 2352 ,
1305 2264 1644 2339 libertatis
1716 2263 1974 2338 scilicet
2021 2262 2221 2338 initia
2238 2322 2261 2351 ,
2330 2264 2456 2339 sed
2525 2263 2708 2353 eius,
2773 2286 2986 2363 quam
3037 2270 3110 2337 et
3151 2262 3598 2340 immodicam
3640 2272 3712 2338 et

674 2382 1237 2459 nocentissimam
1283 2384 1509 2459 dicere
1554 2383 1841 2459 minime
1886 2381 2155 2458 dubito.
2256 2383 2416 2458 Hoc
2453 2384 2526 2457 in
2568 2391 3012 2482 argumento,
3055 2382 3118 2457 si
3157 2382 3392 2472 ullibi,
3435 2383 3714 2458 obviam

675 2502 807 2577 erit
868 2504 1181 2609 eundum
1244 2512 1315 2579 et
1360 2504 1589 2603 pravis
1652 2502 2152 2603 cupiditatibus
2169 2561 2190 2592 ,
2252 2510 2323 2577 et
2368 2504 2683 2603 torpidae
2750 2500 3214 2604 negligentiae
3231 2560 3252 2592 ,
3316 2503 3448 2579 hoc
3493 2503 3716 2578 futuri

674 2624 1005 2721 temporis
1068 2631 1174 2697 est
1225 2622 1648 2712 Palladium,
1710 2631 1783 2697 et
1852 2646 2011 2698 vere
2076 2624 2349 2698 monuit
2407 2630 2644 2722 poeta,
2711 2648 2792 2699 ea
2853 2648 3033 2723 quae
3079 2624 3221 2698 sint
3263 2631 3336 2698 et
3378 2623 3714 2699 exsistant

628 2741 831 2822 ,ideo
902 2766 1053 2817 esse
1067 2801 1090 2832 ,
1164 2744 1489 2842 quoniam
1559 2744 1945 2843 praeteritis
2008 2744 2320 2819 nitantur
2336 2802 2359 2833 ,
2433 2750 2505 2819 et
2571 2743 3116 2843 complectantur
3179 2742 3438 2818 futura.
3559 2744 3714 2818 Erit

674 2868 911 2937 autem
931 2921 952 2950 ,
1002 2861 1141 2937 nisi
1188 2863 1568 2963 primorum
1588 2920 1609 2953 ,
1658 2864 1879 2963 ipsius
1928 2864 2169 2963 populi
2214 2860 2435 2939 nostri
2481 2870 2554 2938 et
2601 2863 2902 2939 nationis
2948 2862 3449 2938 Neerlandicae
3491 2864 3720 2939 excel··

675 2981 1061 3058 lentissima
1127 2981 1311 3072 laus,
1380 2984 1439 3059 si
1502 2983 1681 3060 hane
1740 2984 2053 3060 tuebitur
2106 2984 2181 3060 in
2236 2990 2592 3084 posterum
2610 3043 2631 3074 ,
2683 2989 2837 3058 tum
2892 2983 3040 3058 sine
3081 2981 3300 3057 dubio
3351 2982 3598 3058 eadem
3646 2991 3718 3058 et

678 3103 942 3177 nitetur
981 3103 1523 3203 augebiturque,
1562 3105 1775 3179 etita
1793 3163 1813 3194 ,
1864 3105 2054 3204 quod
2094 3103 2170 3180 in
2220 3105 2450 3180 Scotia
2493 3103 2756 3180 factum
2799 3111 2948 3191 est,
2996 3102 3248 3201 poterit
3294 3109 3455 3201 post
3509 3102 3715 3176 breve

682 3220 1013 3320 temporis
1077 3220 1385 3319 spatium
1450 3221 1703 3295 mirum
1771 3232 2114 3320 quantum
2178 3223 2562 3320 promoveri
2631 3223 2723 3298 ad
2787 3224 2972 3299 bona
3035 3243 3512 3323 quaecunque.
3561 3250 3572 3258 ·
3613 3223 3720 3298 Ea

680 3349 917 3415 autem
970 3340 1069 3414 sie
1134 3340 1418 3415 demum
1485 3340 1711 3416 locum
1773 3341 2024 3417 habere
2095 3336 2422 3442 possunt]
2487 3343 2546 3416 si
2593 3321 2936 3441 quotquot
2983 3343 3162 3418 hanc
3207 3341 3720 3416 institutionem
3763 3417 3772 3426 ,

678 3480 997 3535 amamus
1062 3466 1135 3534 et
1196 3460 1334 3558 ipsi
1397 3459 1647 3535 damus
1710 3483 1987 3560 operam
2006 3521 2027 3552 ,
2092 3461 2235 3538 iam
2292 3460 2644 3536 coniuncti
2694 3469 2768 3537 et
2813 3461 2906 3537 ad
2955 3463 3256 3538 eundem
3305 3463 3517 3536 finem
3567 3475 3716 3535 ten·

506 3677 514 3684 .
548 3611 553 3614 ·
682 3581 927 3655 dentes
977 3580 1079 3655 nil
1120 3579 1303 3654 ultro
1348 3603 1795 3679 quaeramus,
1842 3603 2054 3679 quam
2105 3603 2345 3656 omnes
2386 3605 2528 3656 una
2575 3582 2900 3657 tollamus
2940 3581 3214 3671 omnia,
3264 3604 3444 3680 quae
3490 3582 3712 3681 ipsam

682 3725 823 3796 quo
895 3699 1130 3774 minus
1194 3700 1465 3799 integra
1525 3699 1617 3774 sit
1681 3687 1753 3774 et
1818 3699 2081 3777 sincera
2144 3701 2516 3805 prohibent
2530 3759 2550 3790 ,
2621 3725 2802 3802 quae
2859 3709 2934 3776 et
2985 3698 3268 3789 litteris,
3335 3701 3720 3800 ceterisque

684 3817 1066 3918 disciplinis
1098 3827 1186 3911 ‚et
1232 3818 1656 3918 exponendis
1696 3819 1826 3894 rite
1868 3829 1941 3894 et
1984 3821 2424 3898 addiscendis
2463 3821 2781 3898 obstant:
2835 3823 2894 3897 si
2937 3821 3108 3896 haec
3155 3820 3372 3920 igitur
3413 3822 3721 3896 molituri

684 3939 859 4012 vires
912 3938 1449 4038 coniungamus,
1518 3945 1590 4012 et
1646 3937 1995 4014 nobismet
2056 3941 2517 4016 concedamus
2581 3941 2882 4017 vicissim
2945 3940 3311 4016 remotiora
3363 3941 3720 4016 minutave

684 4081 1163 4156 quaecumque
1185 4116 1208 4145 ,
1272 4058 1373 4131 nil
1432 4057 1723 4132 firmiter
1768 4060 2141 4136 retinentes
2192 4061 2329 4135 nisi
2385 4061 2575 4158 quod
2619 4083 2974 4135 summum
3025 4066 3172 4162 est,
3220 4059 3473 4133 deinde
3523 4061 3584 4134 si
3635 4084 3719 4134 eo

682 4176 821 4250 iam
866 4177 1100 4252 animo
1150 4184 1220 4251 et
1261 4177 1390 4251 hac
1432 4177 1681 4252 virium
1704 4177 2102 4254 intentione
2138 4179 2530 4254 laborantes
2564 4179 2640 4252 in
2685 4203 2906 4253 unum
2943 4178 3511 4277 congrediamur,
3555 4181 3716 4254 mis-

684 4284 949 4394 sisque,
972 4297 1045 4370 in
1094 4297 1481 4396 praesentia
1536 4297 1782 4372 ceteris
1820 4298 2095 4398 singula
2137 4299 2341 4386 nobis
2387 4321 2854 4400 proponamus
2899 4296 3280 4372 obtinenda
3339 4322 3720 4398 omnesque

682 4417 1107 4492 coniunctim
1170 4417 1595 4505 annitamur,
1667 4418 1887 4493 donec
1950 4419 2233 4495 tandem
2302 4420 2466 4495 licet
2539 4419 2762 4494 multo
2843 4417 3076 4492 labore
3145 4424 3351 4517 gutta
3419 4417 3722 4517 lapidem

684 4541 917 4610 tamen
987 4538 1261 4612 cavarit.
1394 4537 1556 4611 Non
1624 4536 1839 4612 nimia
1902 4538 2101 4613 nobis
2163 4539 2557 4638 quaerenda
2615 4544 2818 4626 sunt,
2886 4559 3027 4611 non
3080 4537 3354 4636 requiro
3374 4594 3394 4625 ,
3463 4545 3546 4612 ut
3609 4537 3772 4610 vix‘

687 4639 1027 4751 speranda
1094 4677 1427 4730 conemur
1446 4711 1467 4742 ,
1539 4662 1623 4728 ut
1678 4677 1857 4730 nova
1914 4657 2257 4754 quaedam
2316 4638 2732 4733 inducamus
2797 4657 3080 4732 inventa
3096 4714 3117 4746 ,
3183 4665 3309 4732 aut
3365 4657 3724 4732 insolitum

685 4771 989 4872 aliquem
1041 4773 1477 4874 splendorem
1522 4781 1931 4874 appetamus
1950 4834 1971 4866 ,
2021 4762 2155 4852 sed'
2182 4777 2469 4853 omnino
2509 4778 2890 4856 necessaria
2935 4800 3027 4852 ne
3066 4785 3390 4877 pereant,
3440 4799 3530 4850 ne
3574 4774 3729 4851 istis

3093 4897 3244 4972 38*
