4766 6034
1567 639 1955 708 SERIES
2043 643 2699 712 LECTIONUM.
3427 713 3436 721 .
3525 652 3653 719 173

716 849 1097 948 Bioloyiam
1154 850 1541 947 ,qeneralem
1612 858 1910 948 exponet
1974 851 2053 924 F.
2122 850 2203 927 C.
2251 852 2609 928 Donnnas
2631 912 2650 942 ,
2712 853 2823 928 die
2873 855 3232 944 mercurii,
3283 858 3448 932 hora
3504 857 3651 947 XI,
3745 860 3754 868 '

618 968 733 1043 die
778 969 949 1045 iovis
970 1028 989 1058 ,
1043 968 1205 1042 hora
1258 967 1349 1044 X.

715 1090 1190 1189 Patboloyiam
1210 1148 1229 1178 ,
1293 1089 1711 1167 sectionibus
1772 1093 2119 1178 cadaveris
2172 1094 2586 1170 illustratam
2607 1153 2626 1183 ‚
2687 1104 2984 1196 exponet
3025 1096 3104 1172 F.
3157 1096 3237 1171 C.
3293 1097 3650 1173 Dounnas

614 1215 860 1308 quater
908 1233 1031 1308 per
1077 1208 1345 1282 dierum
1390 1209 1892 1287 hebdomadem
1912 1271 1933 1301 ,
1983 1211 2148 1286 hora
2195 1213 2329 1288 IX.
2518 1203 2526 1210 ’

712 1332 1086 1403 Anatomen
1114 1331 1651 1428 patholoyicam‚
1693 1331 1803 1406 bis
1846 1359 1969 1432 per
1997 1334 2267 1408 dierum
2298 1334 2800 1410 hebdomadem
2821 1394 2840 1424 ,
2885 1337 2946 1410 I.
2977 1337 3060 1413 L.
3093 1337 3174 1412 C.
3206 1338 3654 1413 Soanoi-,nna

614 1473 765 1523 vm
814 1471 963 1523 nna
1010 1449 1232 1523 Konx
1254 1509 1273 1538 ,
1323 1449 1489 1524 hora
1540 1452 1973 1528 auditoribus
2020 1456 2406 1530 commoda.
2473 1515 2494 1526 -
3195 1523 3202 1532 .

712 1567 1081 1644 Materiem
1132 1571 1450 1643 medicam
1508 1579 1579 1645 et
1629 1574 1997 1673 praecipua
2052 1576 2408 1672 therapiae
2449 1577 2797 1674 yeneralic
2840 1575 3066 1675 capita
3115 1584 3412 1678 exponet
3455 1581 3542 1652 G.
3589 1578 3650 1653 I.

609 1689 903 1776 Louna,
954 1686 1201 1763 diebus
1248 1689 1489 1778 lunae,
1540 1691 1859 1766 mercurii
1906 1699 1978 1765 et
2026 1693 2291 1767 veneris
2310 1751 2329 1780 ,
2381 1692 2547 1767 hora
2599 1695 2699 1768 II.

711 1809 1341 1908 Pharmacoquiam
1385 1818 1458 1883 et
1503 1809 1893 1886 Historiam
1920 1815 2325 1910 plantarum
2362 1815 2855 1888 medicinalium
2893 1818 3121 1892 tradet
3147 1819 3226 1892 P.
3257 1817 3380 1891 HA
3391 1840 3610 1890 armo
3633 1874 3651 1905 ,

609 1928 727 2002 die
775 1927 943 2001 iovis
962 1986 982 2015 ,
1033 1927 1199 2002 hora
1249 1929 1361 2002 XI
1409 1937 1481 2003 et
1528 1931 1830 2020 veneris,
1880 1933 2045 2006 hora
2096 1932 2267 2008 XII.

712 2048 1193 2121 Pharmaciam
1242 2049 1329 2122 G.
1383 2050 1443 2123 Ι.
1494 2050 1858 2139 MULDER,
1910 2052 2023 2125 die
2071 2053 2351 2141 martis,
2403 2054 2567 2128 hora
2620 2056 2751 2130 XI.

711 2169 1143 2266 Noeoloyiam
1189 2176 1261 2242 et
1302 2170 1683 2268 therapium
1732 2169 2088 2266 specialem
2132 2171 2219 2243 G.
2280 2171 2339 2246 Ι.
2395 2171 2651 2249 LoNco
2669 2231 2690 2262 ‚
2743 2171 2991 2247 diebus
3035 2174 3275 2249 martis
3296 2234 3315 2263 ‚
3366 2174 3536 2250 iovis
3585 2184 3656 2251 et

604 2286 915 2376 saturni,
966 2287 1130 2360 hora
1181 2287 1315 2362 IX.

598 2445 603 2450 ·
705 2409 1258 2482 Exercitationes
1296 2409 1574 2484 clinicae
1611 2413 1685 2483 iu
1732 2418 1885 2484 arte
1925 2412 2181 2484 medica
2228 2410 2540 2509 quotidie
2589 2411 3061 2488 moderabitur
3107 2416 3195 2489 G.
3247 2415 3307 2489 Ι.
3355 2415 3612 2508 LoNco
3632 2475 3650 2505 ,

610 2527 781 2601 hora
832 2526 945 2600 XI
967 2585 986 2614 ,
1035 2526 1110 2600 in
1158 2527 1573 2602 Nosocomio
1619 2529 2056 2605 Academico.

704 2650 1255 2722 Exercitationes
1314 2648 1594 2721 clinicae
1640 2651 1715 2721 in
1762 2650 2319 2746 ophthalmiatria
2374 2650 2717 2729 moderari
2761 2652 2955 2751 cupit
2995 2653 3076 2726 F.
3126 2653 3205 2728 C.
3257 2654 3612 2730 DoNnnns
3633 2714 3652 2743 ,

600 2792 687 2841 ac
705 2825 726 2854 ,
778 2767 942 2841 data
990 2767 1501 2866 opportunitate
1521 2825 1541 2854 ,
1590 2767 2081 2844 moderabitur.
2138 2837 2143 2842 .

709 2887 1065 2960 Plceoriam
1124 2890 1303 2960 artie
1361 2888 1781 2987 chirurgicae
1839 2888 2067 2963 tradet
2136 2889 2217 2962 L.
2283 2890 2363 2962 C.
2439 2913 2587 2962 vm
2659 2892 3122 2966 Gonnonvna
3145 2949 3166 2978 ‚
3225 2901 3471 2990 quater
3532 2917 3656 2990 per

601 3005 881 3081 dierum
931 3005 1436 3083 hebdomadem
1452 3065 1473 3095 ‚
1523 3006 1709 3083 horis
1759 3007 2081 3108 deinceps
2130 3008 2541 3086 indicandis.

706 3130 1260 3202 Emer-citationes
1301 3128 1751 3227 polyclinicae
1805 3131 1880 3202 in
1934 3137 2087 3203 arte
2144 3129 2525 3228 chiruryica
2545 3188 2564 3217 ,
2635 3128 2882 3203 diebus
2927 3130 3131 3204 lunae
3149 3188 3168 3217 ,
3219 3131 3539 3205 mercurii
3585 3139 3655 3205 et

601 3247 871 3322 veneris
919 3247 1085 3321 hora
1131 3247 1244 3320 IX
1258 3280 1277 3335 ;
1328 3249 1912 3354 opthalmiatricae
1931 3307 1952 3337 ,
2003 3248 2255 3323 diebus
2299 3248 2540 3323 martis
2559 3306 2579 3337 ,
2637 3248 2810 3323 iovis
2861 3257 2932 3324 et
2979 3250 3275 3339 saturni,
3327 3244 3494 3325 hora
3543 3250 3651 3338 X;

598 3370 887 3443 clinicae
950 3391 1107 3442 vero
1170 3376 1325 3441 tum
1394 3369 1807 3468 chiruryicas
1878 3375 2033 3442 tum
2103 3368 2731 3467 ophthalmiatricae
2801 3369 3111 3468 quotidie
3181 3370 3653 3446 moderabitur

598 3490 687 3565 L.
742 3490 825 3565 C.
879 3512 1027 3563 vau
1077 3490 1556 3561 Gonnonvnn.

714 3609 1237 3707 operationibus
1285 3608 1678 3706 chirurgici-5
1732 3609 1807 3680 in
1851 3608 2178 3679 cadavere
2216 3608 2650 3681 instituendis
2690 3608 2994 3705 qualibet
3033 3608 3263 3683 oblata
3309 3612 3651 3683 occasione

601 3728 902 3827 praeerit
945 3728 1027 3802 L.
1079 3728 1160 3802 C.
1214 3750 1363 3801 van
1411 3729 1883 3802 Gonnonvna.

704 3849 1078 3948 Deliqandi
1136 3848 1651 3922 eoeercitationee
1705 3843 2175 3919 moderabitur
2236 3845 2315 3919 L.
2370 3846 2450 3921 C.
2508 3866 2658 3921 vau
2717 3846 3180 3921 Gounonvna
3196 3904 3217 3935 ‚
3288 3846 3400 3921 die
3445 3847 3650 3922 lunae

449 3928 461 3933 ³
604 3967 775 4039 hora
820 3963 1128 4037 V--VII
1177 3971 1337 4062 post
1388 3962 1765 4037 meridiem.

706 4088 904 4159 Artis
923 4085 1347 4159 obstetriciae
1375 4085 1702 4159 theoriam
1722 4140 1743 4171 ‚
1784 4083 2042 4157 morbos
2052 4108 2548 4181 puerperarum
2573 4092 2644 4157 et
2669 4092 3098 4159 neonatorum
3129 4094 3426 4184 exponet
3448 4086 3528 4161 L.
3557 4087 3638 4161 C.

603 4228 759 4279 vim
808 4207 1302 4292 Gonnonvnn,
1355 4201 1601 4278 diebus
1650 4202 1925 4289 martiS‚
1977 4200 2295 4275 mercurii
2343 4209 2415 4275 et
2463 4202 2669 4290 iovis,
2721 4203 2888 4278 hora
2932 4205 2970 4277 I
3011 4212 3170 4305 post
3212 4205 3592 4280 meridiem.

706 4324 1333 4399 Enercitationibuc
1408 4323 1810 4398 obetetriciic
1852 4322 2193 4419 practicis
2256 4320 2552 4419 praeerit
2617 4321 2701 4395 L.
2777 4322 2859 4397 O.
2927 4345 3077 4397 van
3145 4324 3607 4398 Gonnonvna
3625 4383 3644 4412 ,

605 4445 859 4519 diebus
917 4444 1123 4518 lunae
1186 4448 1257 4515 et
1318 4442 1583 4517 veneris
1601 4500 1622 4531 ‚
1671 4441 1837 4516 hora
1897 4440 2221 4515 XII--II
2240 4498 2259 4527 ,
2310 4447 2381 4513 et
2429 4440 2520 4514 ad
2561 4441 3094 4539 parturientium
3143 4440 3428 4517 lectulos
3473 4468 3642 4541 qua·

604 4565 783 4639 libet
828 4562 1061 4639 oblata
1107 4562 1477 4637 occasione.

706 4683 1125 4759 Medicinam
1155 4685 1511 4778 sorensem
1556 4689 1851 4781 exponet
1889 4682 1969 4755 F.
2020 4680 2102 4757 C.
2149 4681 2506 4756 DoNDnas
2531 4739 2550 4769 ,
2598 4680 2762 4754 inde
2803 4706 2846 4756 a
2888 4680 3075 4756 feriis
3117 4680 3392 4759 aestivis
3425 4706 3644 4781 usque

604 4804 701 4879 ad
756 4806 825 4879 d.
876 4804 1015 4877 XV
1056 4828 1148 4877 m.
1196 4800 1594 4891 Februarii,
1648 4799 1895 4877 diebus
1940 4800 2302 4889 mercurii,
2355 4800 2528 4875 iovis
2574 4809 2646 4875 et
2691 4800 2997 4890 venetie,
3047 4800 3212 4877 hora
3253 4802 3352 4877 11.
