4766 6034
2021 627 2579 698 ORATIO.
3732 625 3815 690 71

779 861 1054 938 quoque
1097 837 1426 912 mandata
1466 843 1573 911 est
1609 835 1976 914 institutio.
2077 840 2280 916 Quae
2323 843 2587 937 quanta
2626 834 2769 912 sint
2787 893 2807 924 ‚
2854 833 3007 934 ipse
3046 832 3327 933 penitus
3360 831 3781 933 persentisco
3794 889 3813 918 ,

775 982 1011 1033 verum
1069 981 1211 1032 non
1272 956 1560 1045 desunt,
1627 981 1806 1055 quae
1866 956 2218 1032 dubitanti
2279 957 2595 1032 animum
2654 953 2938 1030 addant.
3054 952 3239 1027 Novi
3300 951 3488 1026 enim
3544 955 3615 1026 et
3671 949 3819 1024 Vos

774 1073 1058 1149 novistis
1073 1131 1094 1163 ,
1143 1073 1320 1150 nihil
1355 1075 1580 1174 magis
1616 1074 1789 1149 mihi
1831 1100 2037 1151 curae
2078 1075 2409 1176 cordique
2446 1099 2595 1150 esse
2615 1132 2636 1163 ‚
2688 1098 2903 1174 quam
2941 1070 3266 1148 Vestram
3302 1079 3373 1146 et
3398 1070 3820 1147 Academiae

775 1194 1106 1269 salutem:
1170 1219 1298 1270 nec
1360 1219 1594 1270 vereor
1611 1252 1632 1283 ‚
1695 1219 1786 1270 ne
1833 1195 2048 1270 fidem
2098 1195 2274 1270 mihi
2326 1193 2685 1295 denegetis
2734 1191 3141 1280 affirmanti,
3191 1215 3304 1266 me
3322 1250 3343 1281 ,
3394 1191 3625 1290 quoad
3662 1215 3820 1290 pos·

775 1311 904 1385 sim
924 1371 944 1400 ,
1002 1311 1272 1387 Vestris
1329 1313 1716 1392 commodis
1777 1340 1928 1390 esse
1985 1315 2503 1391 inserviturum.
2608 1311 3015 1386 Studiorum
3068 1312 3319 1387 ducem
3375 1320 3447 1387 et
3494 1311 3820 1386 comitem

775 1457 884 1506 me
942 1425 1290 1508 habebitis
1338 1433 1631 1510 alacrem
1681 1441 1754 1509 et
1796 1433 2240 1533 diligentem:
2295 1434 2489 1533 quod
2535 1457 2694 1508 vero
2749 1431 2839 1507 ab
2890 1431 3311 1532 experientia
3358 1431 3533 1506 mihi
3580 1430 3817 1517 deest,

773 1550 947 1628 illud
991 1551 1333 1630 industria
1351 1613 1372 1643 ‚
1423 1563 1766 1653 quantum
1813 1554 1964 1628 fieri
2011 1560 2241 1654 potest
2257 1613 2277 1643 ,
2329 1555 2653 1656 supplere
2700 1551 3019 1629 conabor.

872 1671 1018 1749 Qui
1091 1680 1328 1749 autem
1390 1673 1564 1747 mihi
1633 1673 1888 1774 oboriri
1958 1681 2228 1774 poterat
2295 1681 2527 1749 metus
2546 1731 2565 1761 ,
2632 1697 2721 1746 ne
2784 1673 3075 1746 honores
3130 1672 3204 1746 in
3258 1696 3371 1746 me
3390 1729 3410 1759 ,
3460 1670 3819 1769 aequalem

775 1789 1100 1866 Vestrum
1119 1849 1140 1880 ,
1213 1792 1424 1868 delati
1485 1793 1672 1867 iusto
1728 1793 2022 1868 maiores
2078 1793 2477 1869 viderentur
2522 1800 2595 1867 et
2638 1791 2971 1868 invidiam
3018 1798 3368 1891 parerent,
3417 1790 3509 1865 ab
3557 1813 3639 1863 eo
3684 1789 3822 1888 ipsi

773 1933 1051 2008 prorsus
1097 1935 1211 1985 me
1259 1909 1692 1988 liberavistis.
1791 1913 2080 1989 Publice
2131 1913 2320 1988 enim
2367 1919 2441 1988 et
2483 1911 2807 2012 privatim
2853 1935 2997 1987 non
3042 1911 3333 1986 obscure
3382 1907 3820 2009 significastis

774 2027 1092 2106 Vestram
1153 2054 1316 2131 erga
1377 2055 1492 2106 me
1551 2030 2100 2110 benevolentiam
2168 2040 2240 2109 et
2285 2057 2483 2132 spem
2503 2090 2524 2120 ,
2577 2056 2792 2131 quam
2836 2031 2924 2107 de
2981 2055 3095 2106 me
3146 2028 3556 2129 concepistis
3570 2087 3592 2117 ‚
3640 2028 3818 2128 opti-

773 2173 976 2226 mam.
1078 2149 1216 2225 Cui
1278 2158 1360 2224 ut
1421 2150 1510 2226 ab
1579 2152 1773 2226 omni
1831 2160 2030 2252 parte
2087 2153 2546 2252 respondeam
2564 2210 2585 2240 ,
2648 2175 2789 2227 non
2832 2176 2890 2227 «a
2932 2176 3047 2226 me
3100 2173 3275 2240 une,
3340 2148 3464 2225 sed
3509 2173 3553 2222 a
3600 2145 3821 2221 Vobis

771 2269 978 2345 etiam
1020 2269 1390 2369 pendebit:
1441 2271 1656 2370 probe
1700 2273 1890 2348 enim
1937 2271 2110 2348 mihi
2150 2297 2561 2372 persuasum
2602 2281 2711 2347 est
2727 2329 2749 2361 ,
2795 2271 2885 2346 ab
2926 2269 3347 2347 Academica
3380 2267 3817 2343 institutione

775 2395 928 2464 tum
979 2389 1266 2464 demum
1323 2390 1592 2466 fructus
1642 2397 2047 2493 perceptum
2091 2391 2178 2466 iri
2227 2392 2611 2467 uberrimos
2630 2449 2651 2480 ‚
2700 2414 2922 2491 quum
2966 2390 3071 2464 illi
3111 2389 3237 2488 qui
3274 2387 3571 2464 doctoris
3593 2446 3614 2477 ‚
3664 2386 3818 2486 qui·

773 2531 910 2607 que
935 2508 1331 2586 auditorum
1359 2511 1590 2587 locum
1613 2517 1854 2587 tenent
1872 2571 1893 2601 ,
1936 2519 2124 2588 arcto
2161 2510 2505 2587 amicitiae
2554 2510 2829 2588 vinculo
2868 2508 3129 2584 fuerint
3176 2507 3547 2584 coniuncti.
3616 2509 3812 2585 Qua-

769 2633 1046 2726 propter
1089 2653 1214 2728 per
1263 2631 1475 2706 fidem
1520 2639 1841 2707 mutuam
1886 2639 1958 2707 et
2000 2631 2556 2708 coniunctionem
2576 2691 2598 2721 ,
2646 2623 2772 2731 per
2817 2629 3219 2730 disciplinae
3270 2652 3483 2728 quam
3528 2627 3817 2703 colimus

771 2771 1108 2838 amorem,
1171 2773 1296 2848 per
1338 2775 1710 2827 commune
1759 2760 2076 2828 nostrum
2125 2753 2606 2842 commodum,
2672 2775 2839 2852 rogo
2884 2750 3029 2826 Vos
3081 2758 3153 2825 et
3204 2749 3551 2824 obtestor:
3604 2771 3819 2848 quam
3874 2805 3883 2816 .

769 2865 986 2942 Vobis
1047 2867 1260 2943 offero
1317 2871 1692 2948 amicitiam
1713 2929 1734 2960 ‚
1797 2872 1978 2948 hanc
2046 2871 2222 2946 mihi
2275 2896 2555 2973 quoque
2611 2869 2998 2948 concedite!
3084 2869 3367 2948 Dextris
3414 2869 3671 2944 iunctis
3728 2867 3821 2943 ad

771 2984 958 3061 idem
1006 2985 1376 3065 tendamus
1431 2990 1895 3091 propositum!
1972 2991 2397 3068 Proavorum
2454 2990 2729 3067 virtutis
2790 3014 3130 3067 memores
3149 3049 3170 3081 ,
3224 2989 3517 3090 gloriam
3531 3048 3553 3079 ‚
3604 3012 3817 3089 quam

773 3104 877 3179 illi
931 3116 1248 3184 accurata
1312 3109 1690 3209 subtilique
1759 3111 1892 3187 sibi
1955 3135 2433 3212 comparavere
2499 3110 2812 3187 doctrina
2831 3169 2852 3199 ‚
2914 3120 3186 3188 auctam
3246 3109 3539 3210 posteris
3588 3109 3815 3183 trada-

776 3226 976 3299 mus!
1045 3227 1195 3316 Ita,
1244 3230 1436 3327 quod
1480 3230 1593 3305 'l'u
1635 3229 1812 3307 bene
1861 3238 2125 3321 vertas,
2173 3231 2369 3307 Deus
2421 3230 2707 3330 Optime
2752 3230 3101 3306 Maxime!
3153 3256 3197 3305 a
3242 3255 3383 3329 quo
3428 3252 3569 3304 uno
3612 3253 3815 3304 cona-

771 3344 1044 3421 minum
1098 3356 1489 3425 nostrorum
1549 3352 1812 3451 pendet
1861 3376 2220 3429 successus
2238 3409 2261 3443 ‚
2325 3358 2398 3426 et
2443 3350 2865 3427 Academiae
2914 3356 2987 3426 et
3028 3349 3291 3450 patriae
3335 3356 3407 3424 et
3456 3349 3516 3422 G
3533 3349 3582 3424 h
3598 3347 3675 3425 ri
3692 3373 3725 3423 s
3742 3348 3815 3422 ti

769 3466 1116 3543 Ecclesiae
1161 3469 1423 3568 optime
1470 3471 1952 3547 consulemus!
