4766 6034
1959 626 2521 737 onA‘rl-o.
3628 667 3751 734 101

725 893 886 950 eum
951 874 1210 949 tulistis
1228 931 1248 963 ,
1316 873 1712 950 Christiana
1769 875 1886 952 illa
1905 935 1925 966 ,
1994 901 2208 976 quam
2267 875 2597 975 descripsi
2650 882 2721 950 et
2758 875 3095 954 celebravi
3114 934 3133 964 ,
3193 875 3332 950 fide
3385 875 3754 950 sustentati

722 1004 935 1094 atque
989 995 1234 1072 erecti:
1287 1018 1467 1095 quae
1513 1001 1594 1070 ut
1636 1003 2054 1098 perpetuum
2104 997 2675 1096 uberi-imumque
2720 996 2915 1072 vobis
2965 995 3224 1095 aperiat
3274 996 3757 1070 consolationis

724 1115 986 1190 fontem
1007 1175 1029 1204 ,
1079 1122 1402 1215 optamus
1447 1139 1528 1192 ac
1575 1139 1958 1214 precamur.

825 1234 1040 1309 Plura
1099 1241 1337 1312 autem
1400 1259 1725 1335 prospera
1787 1245 1860 1313 et
1918 1239 2097 1314 laeta
2162 1238 2542 1314 enarranda
2605 1237 2846 1313 habeo.
2946 1239 3053 1311 Ac
3112 1236 3417 1336 primum
3471 1234 3758 1334 quidem

729 1354 1064 1453 gratulari
1117 1379 1230 1429 me
1283 1355 1701 1455 oportuisset
1764 1357 1946 1434 Clar.
2003 1360 2413 1434 Orzoomnn
2460 1359 2548 1432 de
2596 1357 2969 1434 domestica
2987 1415 3009 1445 ,
3058 1381 3238 1456 quae
3277 1355 3379 1430 illi
3421 1355 3751 1456 contigit,

730 1473 1082 1549 felicitate.
1180 1476 1462 1564 Auctus
1513 1476 1700 1551 enim
1739 1485 1844 1552 est
1863 1536 1882 1566 ,
1949 1478 2182 1553 divina
2227 1477 2656 1577 benignitate
2674 1537 2694 1565 ,
2762 1477 3003 1564 filiola,
3055 1477 3240 1551 salva
3288 1501 3499 1550 uxore
3548 1476 3754 1550 dilec-

731 1595 1019 1671 tissima.
1121 1597 1325 1674 Quae
1365 1595 1656 1672 felicitas
1699 1604 1770 1672 te
1804 1623 2122 1697 quoque,
2172 1599 2280 1674 01.
2322 1599 2885 1672 Acxnasmscxl
2938 1621 3193 1696 magno
3226 1596 3455 1671 affecit
3476 1589 3754 1696 gaudi0.

745 1713 886 1787 Sed
929 1713 1344 1789 valetudinis
1380 1739 1590 1790 causa
1637 1714 1750 1789 hic
1785 1715 2026 1791 adesse
2065 1739 2204 1790 non
2243 1714 2495 1816 potuit.
2594 1703 2854 1792 Addat
2872 1716 3088 1816 igitur
3125 1716 3261 1790 Dei
3286 1715 3760 1791 benevolentia

739 1833 1093 1909 beneficiis
1113 1893 1133 1924 ,
1183 1834 1442 1933 quibus
1485 1835 1686 1910 illum
1733 1835 2150 1924 cumulavit,
2197 1835 2406 1910 etiam
2454 1834 2583 1910 hoc
2601 1893 2620 1923 ,
2670 1860 2809 1934 quo
2843 1836 3135 1936 pristina
3171 1860 3390 1936 eaque
3434 1835 3761 1910 continua

731 1955 838 2028 uti
907 1954 1010 2028 illi
1078 1954 1437 2053 contingat
1494 1955 1890 2031 valetudine
1909 2015 1930 2044 ,
1995 1963 2078 2030 ut
2140 1979 2419 2031 omnem
2480 1980 2676 2030 suam
2741 1955 2953 2030 vitam
2997 1955 3311 2053 viresque
3353 1955 3427 2028 in
3472 1955 3613 2030 veri
3657 1980 3761 2029 re-

732 2097 953 2173 gnum
1002 2073 1568 2174 amplificandum
1613 2075 1834 2174 possit
1877 2075 2296 2174 impendere.

833 2314 974 2388 Sed
1001 2314 1138 2391 alia
1163 2316 1372 2392 etiam
1402 2317 2002 2394 commemoranda
2031 2324 2214 2392 sunt.
2266 2313 2675 2393 Gaudemus
2709 2314 2895 2390 enim
2922 2323 3155 2391 tecum
3178 2376 3199 2405 ,
3230 2317 3337 2394 cl.
3362 2295 3762 2392 Bnnosmal

731 2434 822 2508 dc
892 2435 1260 2535 singulari,
1325 2460 1466 2535 quo
1503 2444 1703 2537 pater
1749 2437 2003 2513 fruitus
2047 2461 2122 2512 es
2166 2435 2459 2536 gaudio,
2509 2435 2767 2535 quippe
2810 2437 2935 2534 qui
2974 2435 3103 2510 hoc
3146 2460 3330 2512 anno
3376 2437 3764 2512 academico

739 2561 876 2628 tres
942 2555 1124 2630 filios
1189 2555 1533 2632 variarum
1600 2557 2115 2657 disciplinarum
2163 2557 2497 2630 Doctores
2562 2565 2824 2630 creatos
2887 2555 3136 2630 videris
3156 2614 3175 2645 ,
3251 2554 3341 2630 ob
3418 2580 3767 2633 summam

735 2674 1090 2750 doctrinae
1139 2677 1630 2774 praestantiam
1683 2702 1940 2779 magna
1987 2703 2148 2754 cum
2195 2677 2421 2752 laude.
2476 2719 2559 2734 -
2624 2675 3134 2750 Gratulandum
3180 2667 3388 2750 etiam
3436 2675 3610 2750 mihi
3661 2683 3769 2750 est

738 2794 1156 2870 Academiae
1211 2803 1484 2872 nostrae
1533 2797 1620 2872 de
1673 2803 2070 2872 conservato
2088 2853 2108 2884 ,
2159 2801 2342 2870 certe
2396 2817 2481 2868 ex
2537 2801 2734 2892 parte
2752 2851 2773 2882 ,
2820 2793 3198 2869 Munnnao
3235 2807 3491 2870 nostr-0.
3552 2795 3767 2873 Quod

737 2937 896 2990 cum
967 2915 1230 2991 factum
1297 2917 1388 2992 sit
1444 2923 1598 2992 tum
1663 2917 2084 2992 curatorum
2145 2922 2539 2988 nostrorum
2590 2911 2929 2987 sententia
2976 2920 3187 3011 atque
3240 2914 3525 2988 consilio
3542 2971 3563 3002 ,
3615 2921 3772 2988 tum

744 3036 972 3135 Regis
1032 3036 1512 3137 augustissimi
1574 3037 1850 3114 decreto
1869 3096 1890 3127 ,
1960 3035 2216 3136 gratias
2279 3034 2416 3109 illis
2478 3033 2729 3109 referre
2792 3056 2919 3107 nos
2988 3039 3295 3132 oportet,
3360 3032 3552 3131 quod
3620 3035 3772 3109 eius

747 3155 1010 3230 lumine
1079 3165 1292 3256 atque
1353 3158 1760 3233 auctoritate
1799 3180 1940 3231 non
1987 3156 2192 3255 plane
2234 3153 2476 3229 orbata
2520 3152 2611 3226 sit
2653 3151 3031 3226 Academia
3081 3151 3771 3229 Rheno-Traiectina.

743 3276 991 3375 Ipsum
1079 3277 1486 3377 compellare
1560 3278 1905 3353 volueram
1925 3334 1945 3365 ,
2024 3274 2148 3349 sed
2219 3272 2540 3349 maximis
2616 3270 3185 3369 occupationibus
3228 3263 3335 3347 Xse
3408 3270 3730 3370 impediri
3749 3330 3769 3359 ,

745 3395 1118 3495 quominus
1174 3396 1286 3471 hic
1337 3398 1580 3473 adesse
1628 3404 1901 3496 posset,
1969 3396 2290 3469 hesterno
2335 3392 2449 3467 die
2493 3415 2768 3467 mecum
2806 3392 3358 3467 communicavit.
3408 3434 3507 3449 —
3552 3389 3773 3465 Vobis

745 3524 979 3590 autem
1040 3540 1182 3591 non
1233 3541 1519 3615 possum
1582 3537 1721 3591 non
1764 3515 2097 3617 gratulari
2112 3574 2132 3603 ,
2179 3513 2332 3587 Viri
2379 3512 2759 3587 doctissimi
2806 3512 3221 3588 Ounnuaus
3262 3520 3334 3587 et
3374 3510 3769 3585 mimm-

743 3636 932 3709 nnn!
998 3634 1086 3709 de
1146 3635 1522 3712 honoribus
1540 3695 1560 3726 ,
1623 3637 1881 3736 quibus
1927 3635 2150 3710 ornati
2201 3635 2390 3709 estis.
2487 3634 2665 3707 Eam
2710 3631 2899 3706 enim
2943 3630 3361 3707 Academiae
3402 3629 3773 3705 Curatores

737 3754 811 3828 in
886 3762 1184 3853 utroque
1251 3763 1554 3831 vestrum
1620 3764 2004 3857 posuerunt
2061 3755 2387 3829 fiduciam
2410 3812 2429 3841 ,
2502 3759 2584 3825 ut
2650 3776 2791 3827 una
2848 3775 3009 3827 cum
3066 3752 3354 3826 Lectore
3422 3750 3734 3825 Obemiae
3752 3807 3771 3836 ,

750 3872 918 3947 Viro
964 3874 1166 3950 Doct.
1219 3876 1603 3966 Goumuo,
1653 3856 1984 3952 lectiones
2012 3874 2264 3949 habere
2305 3872 2499 3947 vobis
2538 3872 3049 3960 mandaverint,
3090 3896 3264 3969 quas
3306 3869 3413 3944 Cl.
3441 3870 3773 3945 Munnnn

750 3993 914 4067 dare
987 3993 1269 4069 solebat.
1372 3994 1524 4069 Nec
1586 4020 1744 4095 spes
1764 4053 1786 4083 ,
1846 3994 1934 4069 de
1987 3993 2181 4067 vobis
2240 4000 2560 4090 suscepta
2578 4049 2599 4078 ,
2660 4014 2777 4064 eos
2818 3990 3090 4065 fefellit:
3144 3989 3335 4089 quod
3375 3988 3463 4064 ab
3506 3989 3774 4065 idoneis

749 4112 998 4186 harum
1043 4137 1272 4187 rerum
1316 4114 1664 4191 iudicibus
1712 4138 1828 4189 me
1869 4112 2212 4211 accepisse
2229 4170 2249 4199 ,
2299 4109 2548 4186 lubens
2587 4111 2814 4210 palam
2854 4110 3149 4187 declaro,
3242 4110 3521 4209 Pergite
3556 4109 3774 4209 igitur

743 4255 867 4305 vos
884 4290 904 4319 ,
970 4231 1122 4306 Viri
1163 4233 1580 4309 doctissimi!
1651 4234 1892 4311 eadem
1913 4292 1934 4323 ,
1996 4256 2134 4331 qua
2196 4229 2552 4329 coepistis,
2618 4228 2976 4329 diligentia
2993 4289 3014 4320 ,
3080 4238 3152 4304 et
3197 4229 3437 4305 ardore
3485 4240 3773 4305 munere

751 4360 978 4425 vestro
1027 4352 1230 4452 fungi
1249 4411 1269 4442 ,
1318 4360 1528 4452 atque
1571 4362 1730 4430 tum
1777 4352 2176 4453 disciplinae
2225 4357 2491 4425 vestrae
2509 4408 2529 4439 ,
2595 4356 2748 4423 tum
2790 4350 3057 4425 civibus
3098 4348 3542 4438 academicis,
3574 4355 3771 4428 ,cete-

742 4472 980 4569 risque
1004 4529 1026 4561 ,
1075 4472 1200 4570 qui
1249 4473 1342 4549 ad
1389 4474 1714 4551 lectiones
1762 4482 2021 4549 vestras
2069 4471 2421 4547 confluant
2437 4528 2457 4559 ,
2504 4469 2828 4569 prodesse
2876 4470 3169 4545 studete.

837 4592 988 4666 Nec
1043 4600 1114 4668 te
1158 4592 1528 4691 praeterire
1579 4592 1768 4681 volo,
1819 4594 1925 4669 cl.
1977 4615 2074 4668 nn
2113 4584 2509 4667 annnr'l
2561 4588 2819 4689 quippe
2866 4590 2983 4666 cui
3029 4614 3154 4690 per
3208 4589 3518 4689 quinque
3557 4589 3775 4666 lustra

746 4719 819 4786 et
879 4711 1072 4809 quod
1128 4713 1468 4803 excurrit,
1538 4736 1823 4789 munere
1883 4721 2009 4787 tuo
2056 4712 2260 4817 fungi
2305 4709 2688 4811 contigerit.
2789 4710 2918 4785 Est
2962 4717 3145 4784 certe
3198 4708 3367 4785 haec
3408 4709 3777 4809 singularis

745 4830 1069 4909 felicitas:
1123 4833 1224 4908 ita
1274 4831 1460 4908 enim
1513 4833 1680 4909 data
1729 4832 1860 4908 tibi
1898 4833 2034 4907 fuit
2080 4833 2372 4921 facultas
2417 4856 2540 4930 per
2587 4830 2875 4931 longum
2924 4854 3088 4907 sane
3130 4838 3406 4929 tempus
3454 4828 3525 4903 et
3569 4829 3770 4904 disci-
