4766 6034
1086 600 1211 663 146
2218 602 2295 667 G.
2365 603 3000 670 J.MULDER

1182 807 1380 882 Haec
1431 815 1537 882 est
1586 828 1826 896 causa,
1890 833 2014 884 cur
2059 808 2596 885 Universitatem
2648 811 2851 911 longe
2900 809 3457 910 anteponendam
3516 807 3934 884 arbitramur
3979 833 4123 909 spe-

1085 927 1375 1004 cialibus
1440 928 1605 1003 artis
1670 929 2103 1004 doctrinaeve
2164 929 2458 1030 alicujus
2525 931 2807 1022 scholis,
2875 931 3133 1031 quippe
3183 954 3362 1028 quae
3381 987 3402 1018 ,
3475 930 3792 1030 angustis
3845 929 4124 1004 circum-

1088 1048 1377 1146 scriptae
1445 1047 1703 1122 finibus
1722 1107 1740 1136 ,
1812 1073 2195 1148 numquam
2270 1050 2612 1150 pleniores
2672 1051 2824 1127 illas
2886 1049 3200 1126 discendi
3261 1049 3492 1150 copias
3541 1049 3784 1125 offerre
3833 1057 4118 1148 queant,

1014 1161 1025 1171 ’
1088 1191 1262 1266 quas
1309 1165 1610 1241 liberalis
1658 1168 1912 1242 artium
1955 1170 2185 1244 cultus
2238 1177 2307 1244 et
2361 1171 2563 1245 altior
2611 1172 2906 1246 eruditio
2958 1169 3332 1270 postulant.

1194 1285 1613 1360 Neerlandia
1688 1286 2023 1385 gloriatur
2093 1286 2677 1364 Universitatibus
2749 1289 2894 1363 suis
2915 1348 2934 1377 ‚
2989 1313 3174 1388 ‚quas
3244 1290 3304 1364 si
3377 1289 3536 1388 quis
3605 1289 3852 1364 audaci
3923 1313 4128 1363 manu

1088 1405 1358 1486 abolere
1397 1414 1758 1480 conaretur
1776 1464 1797 1493 ‚
1846 1431 1983 1500 nae,
2016 1407 2217 1482 illum
2248 1406 2441 1507 justa
2478 1408 2818 1483 bonorum
2855 1409 3168 1483 omnium
3207 1408 3594 1508 indignatio
3633 1408 4123 1506 insequeretur.

1086 1528 1323 1624 Atque
1386 1526 1659 1599 utinam
1718 1526 1853 1600 *hoc
1928 1525 2263 1601 universis
2331 1528 2600 1603 civibus
2651 1536 2840 1632 ⁴esset
2886 1552 3295 1628 persuasum
3316 1587 3336 1617 ‚
3398 1528 3724 1602 instituta
3769 1527 3938 1602 haec
3989 1527 4126 1601 oin-

1066 1646 1285 1720 nium
1358 1645 1864 1734 existimatione
1933 1655 2004 1721 et
2068 1672 2298 1722 amore
2360 1647 2575 1750 digna
2641 1674 2790 1724 esse
2807 1682 2825 1738 ;
2897 1675 2978 1724 ea
2997 1709 3016 1738 ‚
3089 1651 3148 1723 si
3193 1656 3380 1723 recte
3431 1648 3746 1723 ordinata
3793 1647 3934 1722 sint
3953 1705 3974 1736 ,
4021 1649 4129 1720 fir-

1090 1766 1400 1841 missima
1453 1790 1605 1840 esse
1646 1765 1963 1866 publicae
2014 1767 2255 1842 salutis
2302 1793 2383 1842 ac
2427 1769 2899 1867 prosperitatis
2939 1767 3414 1844 fundamenta.

1187 1887 1464 1961 Nostris
1500 1887 1928 1986 temporibus
1948 1947 1966 1976 ,
2020 1888 2279 1988 quibus
2326 1897 2473 1964 tam
2513 1890 2721 1965 multi
2767 1889 3124 1966 elaborant
3174 1896 3255 1963 ut
3303 1896 3534 1963 vetera
3578 1893 3929 1973 evertant,
3967 1909 4138 1960 nova

1094 2005 1500 2094 moliantur,
1573 2007 2070 2094 Universitates
2140 2016 2375 2084 tamen
2447 2009 2676 2084 adhuc
2737 2010 3034 2084 intactae
3097 2014 3650 2110 permanserunt.
3750 2007 3968 2080 Estne
4019 2030 4140 2079 cur

1094 2128 1223 2201 hac
1276 2128 1364 2202 de
1412 2151 1485 2200 re
1526 2127 1907 2202 laetemur?
1978 2129 2066 2204 Id
2106 2129 2450 2228 equidem*
2473 2128 2671 2204 valde
2709 2128 2989 2218 dubit0;
3042 2153 3182 2204 non
3227 2129 3417 2228 quod
3454 2134 3686 2202 vetera
3726 2125 4141 2202 destruenda

1093 2255 1375 2347 putem;
1425 2272 1562 2321 non
1609 2248 1798 2347 quod
1828 2256 2065 2348 optem
2098 2249 2265 2324 haec
2302 2249 2724 2350 reipublicae
2759 2249 3102 2349 praesidia
3138 2247 3638 2324 tumultuantis
3673 2245 4140 2320 multitudinis

1093 2368 1361 2469 impetu
1409 2369 1517 2443 vel
1562 2367 2086 2445 ambitiosorum
2132 2370 2676 2470 demagogorum
2714 2370 3013 2448 consiliis
3065 2371 3318 2457 everti,
3367 2391 3748 2466 eorumque
3795 2366 3868 2439 in
3913 2366 4140 2440 locum

1093 2487 1533 2587 popularium
1602 2487 1965 2562 hominum
2035 2488 2319 2564 arbitrio
2390 2513 2568 2564 nova
2625 2491 2815 2565 velut
2871 2489 3184 2566 aedificia
3237 2488 3566 2566 construi.
3667 2487 3895 2560 Immo
3945 2511 4100 2559 vero
4120 2543 4138 2572 ,

1094 2607 1355 2706 agitato
1418 2605 1725 2681 motibus
1794 2608 2090 2707 popu10,
2156 2634 2243 2682 ne
2303 2609 2568 2707 optima
2633 2611 2919 2710 quidem
2983 2611 3057 2684 in
3121 2610 3396 2685 civitate
3455 2607 3692 2683 novari
3752 2632 3832 2696 ac
3899 2607 4142 2704 refingi

1096 2727 1482 2826 optandum
1531 2751 1797 2803 censeo·
2664 2819 2682 2836 .

1195 2846 1337 2920 Sed
1386 2854 1745 2946 propterea
1795 2870 1934 2920 non
1982 2845 2196 2921 laetor
2215 2907 2235 2936 ‚
2286 2847 2478 2946 quod
2523 2848 2827 2923 intactus
2865 2850 2979 2924 ille
3026 2849 3564 2924 Academiarum
3614 2855 3836 2922 status
3875 2847 4138 2947 arguit,

1096 2965 1206 3041 his
1276 2964 1527 3041 nostris
1598 2964 2029 3065 temporibus
2091 2966 2164 3040 in
2223 2966 2356 3043 alia
2411 2967 2646 3068 potius
2699 2993 2912 3067 quam
2955 2969 3030 3044 in
3077 2969 3335 3045 alt-ioris
3386 2968 3734 3045 doctrinae
3783 2967 4142 3043 commoda

1098 3087 1463 3181 homin-um
1501 3096 1771 3162 mentes
1823 3112 1972 3161 esse
2024 3088 2363 3176 intentaS,
2414 3087 2549 3163 alia
2587 3088 2816 3189 magis
2855 3089 3047 3164 cordi
3093 3113 3243 3165 esse
3283 3087 3683 3163 hominibus
3723 3112 3936 3185 quam
3977 3086 4143 3161 haec

1098 3206 1487 3281 liberalium
1536 3207 1792 3281 artium
1838 3207 2162 3281 instituta
2181 3265 2201 3297 ‚
2252 3206 2512 3307 quibus
2560 3206 2737 3281 bene
2788 3208 3102 3283 ordinata
3145 3209 3384 3283 civitas
3429 3208 3692 3284 nititur.
3796 3206 4144 3280 Universi-

1080 3334 1275 3401 tates
1337 3327 1427 3401 ab
1497 3326 1615 3414 iia,
1679 3328 1802 3427 qui
1866 3326 2030 3401 foris
2085 3335 2291 3415 sunt,
2351 3352 2600 3425 parum
2661 3336 2992 3403 curantur
3012 3362 3030 3416 ;
3078 3328 3378 3403 intactae
3420 3327 3703 3426 quidem
3751 3332 3824 3400 et
3874 3325 4145 3423 quietae

1100 3454 1425 3534 manent,
1476 3472 1564 3519 an
1606 3470 1764 3521 vero
1808 3446 2275 3546 praesentium
2323 3471 2552 3521 rerum
2597 3456 3128 3547 temporumque
3176 3446 3554 3523 conditioni
3597 3444 4145 3543 accommodatae

1106 3567 1277 3655 sint,
1327 3590 1577 3665 parum
1626 3566 2002 3663 quaeritur.
3175 3652 3184 3659 ‚

1202 3686 1350 3763 Qui
1417 3710 1531 3760 eas
1583 3685 2026 3785 frequentant
2083 3685 2417 3775 studiosi,
2480 3685 2790 3785 plerique
2855 3687 2930 3761 id
2996 3694 3218 3787 agunt
3274 3694 3354 3760 ut
3405 3694 3624 3761 artem
3678 3682 4146 3759 doctrinamve

1106 3804 1411 3903 aliquam
1458 3805 1859 3893 addiscant,
1910 3831 2049 3903 qua
2096 3806 2426 3880 honorem
2471 3807 2580 3885 ‚vel
2620 3806 2881 3882 victum
2921 3805 3054 3882 sibi
3093 3806 3466 3906 aliquando
3496 3811 3779 3905 parent;
3830 3803 3951 3901 qui
3988 3828 4148 3877 vero

1106 3925 1410 4025 limpidis
1458 3925 1783 4001 scientiae
1833 3926 2145 4001 fontibus
2200 3925 2387 4001 sitim
2434 3927 2706 4026 explere
2759 3928 3076 4027 cupiant,
3126 3927 3330 4026 pauci
3379 3932 3853 4001 numerantur.

1205 4046 1367 4119 Non
1430 4053 1534 4119 est
1596 4044 1901 4144 profecto
1963 4045 2151 4145 quod
2206 4054 2481 4121 nostrae
2532 4047 2776 4135 aetati,
2827 4072 3006 4145 quae
3063 4046 3516 4121 humamtatis
3561 4044 3760 4121 cultu
3801 4050 3874 4118 et
3915 4043 4148 4117 erudi-

1106 4163 1317 4240 tionis
1374 4164 1579 4240 laude
1637 4172 1995 4265 tantopere
2058 4166 2393 4266 gloriatur
2410 4225 2430 4255 ,
2498 4166 2628 4242 hac
2671 4167 2759 4241 de
2813 4191 2887 4242 re
2929 4168 3378 4267 gratulemur.
3480 4166 3621 4240 Sed
3668 4189 3888 4263 quum
3934 4166 4158 4239 semel

1106 4310 1215 4361 res
1284 4284 1385 4360 ita
1447 4285 1576 4375 sit,
1642 4296 1713 4361 et
1775 4286 2029 4365 frustra
2090 4288 2353 4387 nitatur
2412 4287 2537 4386 qui
2590 4286 2902 4363 fluminis
2946 4312 3228 4364 cursum
3279 4286 3592 4363 inhibere
3639 4296 3764 4362 aut
3803 4284 4153 4359 reflectere

1108 4405 1309 4494 velit,
1359 4406 1641 4483 meliora
1686 4414 1845 4483 vota
1890 4407 1964 4482 in
2017 4407 2377 4507 sequentia
2427 4416 2740 4507 tempora
2781 4396 3229 4485 reservemus.

1210 4524 1353 4600 Vos
1392 4534 1626 4601 autem
1645 4583 1666 4615 ,
1712 4526 1865 4601 Viri
1898 4528 2371 4627 Amplissimi!
2425 4553 2565 4603 non
2603 4530 2890 4627 potestis
2924 4554 3063 4604 non
3103 4527 3291 4604 dulci
3325 4526 3584 4627 gaudio
3623 4524 3798 4600 affici
3814 4581 3835 4611 ,
3877 4522 4158 4621 quoties

1114 4642 1655 4719 animadvertitis
1674 4704 1696 4735 ,
1762 4646 2300 4722 Universitatem
2372 4655 2637 4721 vestrae
2677 4672 2906 4723 ,6111116
2971 4648 3522 4724 commendatam
3546 4705 3566 4735 ,
3629 4668 3806 4745 quae
3857 4667 3944 4717 ex
3995 4644 4160 4742 lege

1115 4763 1499 4840 secundum
1536 4763 1609 4838 in
1658 4765 1881 4863 patria
1919 4776 2150 4843 nostra
2196 4774 2387 4841 tenet
2430 4766 2656 4843 locum
2677 4827 2696 4858 ‚
2749 4768 3111 4866 splendore
3163 4776 3234 4844 et
3284 4769 3598 4843 ubertate
3649 4765 3912 4864 primae
3959 4762 4162 4839 haud
