4766 6034
1978 621 2534 722 onArro.
3695 649 3782 716 ει

748 863 1162 964 aggreditur.
1261 863 1473 936 Nunc
1540 885 1679 936 non
1701 918 1723 951 ,
1790 869 1916 937 aut
1981 861 2225 938 saltem
2288 860 2512 936 rarius
2531 917 2552 949 ,
2603 857 2953 936 doctrinae
2999 859 3092 935 ad
3142 857 3412 935 scholae
3461 859 3781 935 severita-

746 993 887 1059 tem
958 983 1401 1082 explicandae
1463 988 1535 1057 et
1606 981 2081 1057 defendendae
2141 986 2343 1068 sunt,
2409 981 2532 1055 sed
2573 981 3042 1081 Euangelium
3092 979 3336 1056 salutis
3381 979 3784 1081 simpliciter

746 1100 975 1200 pueris
1026 1101 1443 1176 tradendum
1465 1159 1486 1188 ,
1548 1100 1875 1176 omnibus
1935 1099 2498 1175 annuntiandum
2563 1107 2636 1175 et
2689 1100 3323 1177 commendandum
3387 1107 3514 1176 est.
3613 1100 3782 1175 Pro·
3839 1146 3846 1160 .

746 1221 921 1296 fecto
938 1279 957 1308 ‚
1008 1221 1254 1296 doctus
1288 1220 1681 1319 Theologus
1727 1221 1853 1297 tali
1901 1221 2121 1296 labori
2163 1245 2305 1295 non
2352 1227 2461 1295 est
2506 1219 2798 1295 idoneus
2845 1227 2917 1296 et
2963 1221 3218 1320 impar!
3291 1219 3457 1295 Non
3504 1218 3784 1308 didicit,

749 1340 1091 1439 quomodo
1151 1341 1437 1416 scientia
1454 1399 1474 1429 ‚
1541 1366 1757 1440 quam
1824 1341 1959 1416 sibi
2018 1340 2477 1440 comparavit,
2525 1339 2600 1414 in
2649 1340 2992 1415 variorum
3015 1398 3035 1428 ,
3085 1339 3259 1438 quin
3307 1339 3516 1414 etiam
3565 1339 3785 1438 impe-

744 1460 1226 1535 ritissimorum
1248 1519 1270 1551 ,
1331 1461 1697 1536 hominum
1763 1487 1967 1538 usum
1989 1520 2010 1551 ,
2068 1462 2159 1536 ad
2204 1486 2321 1536 eos
2368 1459 2809 1560 corrigendos
2824 1517 2844 1548 ,
2893 1459 3345 1535 consolandos
3398 1465 3472 1534 et
3521 1458 3595 1532 in
3643 1457 3786 1533 fide

747 1581 1251 1656 confirmandos
1298 1581 1391 1654 sit
1432 1580 1845 1656 adhibenda.
1947 1581 2111 1656 Non
2154 1579 2439 1669 didicit,
2489 1580 2841 1679 quomodo
2887 1603 3078 1654 sacra
3125 1585 3198 1653 et
3241 1578 3565 1653 instituta
3581 1636 3602 1667 ,
3650 1577 3784 1652 Ec—

702 1683 987 1776 'clesiae
1074 1725 1239 1775 suae
1310 1701 1567 1776 usitata
1584 1759 1605 1790 ,
1680 1725 1764 1776 eo
1838 1701 2047 1800 dirigi
2116 1699 2448 1789 debeant,
2524 1708 2606 1775 ut
2674 1699 3038 1776 hominum
3098 1697 3646 1773 aedificationem
3707 1695 3784 1770 in

750 1820 1102 1895 Christo
1164 1820 1513 1895 adiuvent.
1614 1821 1777 1896 Non
1827 1820 2069 1897 didicit
2124 1821 2468 1896 Politicae
2513 1829 2830 1920 praeesse
2875 1821 3404 1896 Ecclesiasticae
3449 1824 3523 1892 et
3567 1815 3783 1915 Regi-

748 1939 953 2014 minis
1014 1939 1333 2038 Synedrii
1384 1964 1587 2039 agere
1647 1949 1898 2038 partes.
1999 1939 2268 2017 Verbo:
2336 1940 2792 2016 fundamenta
2853 1939 3046 2039 apud
3112 1964 3275 2014 eum
3341 1938 3523 2014 iacta
3579 1945 3747 2010 sunt
3764 1994 3785 2024 ,

748 2059 1139 2136 aedificium
1206 2059 1652 2136 desideratur.
1753 2062 2005 2160 Itaque
2067 2060 2295 2135 nullos
2354 2059 2498 2136 fere
2551 2060 2818 2136 fructus
2872 2061 3050 2135 ferre
3110 2065 3342 2168 potest
3391 2054 3788 2132 istiusmodi

748 2180 1065 2256 Muneris
1114 2179 1303 2254 Sacri
1351 2179 1879 2257 administratio.

843 2299 1062 2374 Haud
1124 2300 1366 2398 ignoro
1385 2357 1405 2387 ,
1474 2299 1849 2375 Auditores
1870 2359 1890 2388 ,
1962 2324 2104 2374 non
2163 2300 2441 2388 deesse,
2503 2300 2628 2399 qui
2685 2299 3009 2390 credant,
3077 2301 3350 2374 Munus
3408 2297 3694 2374 Sacrum
3747 2321 3790 2370 a

750 2418 1096 2517 Theologo
1114 2476 1134 2506 ,
1202 2417 1475 2493 etiamsi
1539 2418 1920 2518 disciplinis
1971 2428 2247 2496 tantum
2308 2420 2704 2495 theoreticis
2769 2419 3084 2494 imbutus
3127 2420 3218 2494 sit
3237 2478 3257 2508 ,
3321 2423 3506 2492 recte
3553 2425 3804 2490 tamen·
3863 2489 3872 2498 ,

750 2537 897 2638 geri
938 2563 1141 2636 posse
1159 2596 1181 2627 ‚
1230 2537 1559 2637 quoniam
1604 2539 1678 2614 in
1726 2564 1853 2614 sua
1900 2546 2315 2615 sectatorum
2360 2540 2420 2613 C
2438 2538 2703 2615 hristi
2744 2538 3009 2615 familia
3047 2539 3213 2614 inde
3254 2539 3345 2613 ab
3391 2538 3788 2622 iuventute,

752 2657 823 2732 et
884 2657 1037 2732 aliis
1098 2659 1324 2732 modis
1343 2716 1363 2747 ,
1415 2657 1487 2733 et
1526 2659 1723 2734 cultu
1774 2684 1964 2735 sacro
2012 2659 2552 2761 frequentando,
2602 2686 2766 2737 cnm
2814 2661 3194 2737 Sacrorum·
3225 2656 3582 2733 Antistitis
3631 2679 3790 2730 mu·
3865 2639 3868 2648 ¹

752 2777 1031 2852 neribus
1090 2777 1623 2854 familiaritatem
1684 2779 2064 2880 quamdam
2112 2780 2548 2856 contraxerit.
2649 2779 2916 2856 Verum
2956 2780 3124 2856 haec
3173 2776 3600 2854 familiaritas
3614 2828 3636 2866 ,
3685 2773 3794 2849 uti

752 2897 1115 2972 nonnullas
1179 2905 1453 2972 tantum
1514 2905 1745 2998 partes
1805 2905 2110 3002 spectato,
2176 2899 2275 2975 sic
2319 2923 2461 2974 non
2513 2925 2596 2975 ea
2645 2925 2809 2976 sane
2858 2906 2999 2988 est,
3066 2925 3206 2998 qua
3253 2900 3402 2997 ipse
3445 2896 3537 2972 ad
3579 2895 3792 2984 huius

753 3015 1060 3092 muneris
1132 3015 1353 3092 officia
1422 3020 1816 3119 peragenda
1886 3026 2069 3095 recte
2134 3026 2600 3120 praeparetur.
2719 3022 2988 3096 Eodem
3053 3020 3203 3093 iure
3274 3017 3430 3116 quis
3499 3015 3790 3103 dixerit,

754 3136 1068 3211 futurum
1108 3136 1458 3212 medicum
1500 3147 1816 3238 aegrotos
1859 3139 2040 3215 bene
2084 3163 2236 3213 esse
2281 3146 2684 3217 curaturum
2705 3199 2726 3229 ,
2777 3139 3108 3238 quoniam
3145 3139 3214 3211 in
3256 3138 3464 3211 domo
3505 3142 3794 3235 paterna

756 3256 1051 3331 subinde
1081 3255 1387 3331 medicos
1424 3259 1780 3359 conspexit
1813 3265 2127 3360 aegrotos
2162 3265 2506 3335 curantes.
2607 3260 2804 3335 Licet
2842 3258 3000 3358 quis
3033 3256 3412 3333 sexcenties
3449 3254 3792 3330 orationes

757 3400 981 3451 sacras
1034 3402 1120 3451 ex
1164 3377 1298 3450 alio
1350 3377 1730 3468 audiverit,
1780 3380 1938 3455 ideo
1983 3378 2296 3454 nondum
2343 3378 2480 3478 ipsi
2527 3380 2848 3455 succedet
2899 3378 3240 3454 eiusmodi
3285 3366 3614 3452 orationiB
3652 3375 3790 3450 ela-

754 3495 1039 3571 boratio.
1151 3496 1519 3573 Dixerunt⁸
1562 3499 1849 3599 insuper
1904 3499 2223 3575 nonnulli
2241 3556 2261 3587 ,
2332 3498 2798 3599 Theologum,
2871 3499 3252 3574 dummodo
3319 3495 3651 3596 Logicam
3721 3501 3794 3569 et

753 3615 1280 3715 Psychologiam
1350 3617 1706 3707 didicerit,
1774 3627 1846 3694 et
1902 3619 2056 3694 tum
2118 3643 2328 3694 sensu
2374 3618 2645 3719 pulchri
2707 3628 2782 3705 et
2838 3620 3004 3695 boni
3023 3678 3042 3707 ,
3093 3626 3404 3693 veterum
3455 3614 3794 3690 Classico-

754 3760 911 3810 rum
957 3736 1248 3811 lectione
1298 3739 1573 3813 exculto
1591 3798 1611 3827 ,
1660 3738 1817 3833 tum
1858 3738 2221 3814 hominum
2267 3739 2660 3839 cognitione
2699 3740 3054 3839 praeditus
3093 3740 3183 3813 sit
3201 3796 3222 3827 ,
3271 3736 3535 3836 absque
3576 3734 3792 3809 dubio

753 3856 1021 3930 bonum
1060 3857 1379 3932 futurum
1424 3882 1574 3933 esse
1630 3863 1987 3935 Oratorem
2042 3862 2326 3935 Sacrum
2359 3863 2446 3951 ¹).
2523 3859 2624 3933 At
2665 3884 2802 3933 non
2851 3858 3523 3942 animadverterunt,
3572 3879 3793 3953 quan-

756 3984 989 4073 topere
1050 3977 1267 4051 oratio
1332 4002 1522 4052 sacra
1564 3978 1655 4052 ab
1702 3978 1837 4053 alia
1882 3979 2189 4078 qualibet
2234 3979 2528 4054 differat.
2630 3980 2826 4057 Quid
2878 3977 3069 4078 quod
3117 3979 3259 4052 sola
3302 3977 3610 4051 locorum
3655 3972 3793 4049 Ve-

758 4094 922 4169 teris
978 4096 1300 4195 Novique
1368 4097 1831 4185 Testamenti,
1902 4098 2026 4195 qui
2080 4098 2169 4174 ab
2224 4123 2307 4172 eo
2346 4122 2474 4195 pro
2523 4098 2849 4173 concione
2898 4096 3239 4173 tractandi
3284 4102 3450 4170 sunt
3467 4153 3488 4183 ,
3537 4118 3794 4192 magna

756 4213 1116 4290 diversitas
1180 4216 1534 4314 proprium
1596 4216 1808 4315 idque
1871 4216 2353 4293 difficillimum
2418 4218 2709 4317 requirit
2771 4218 3135 4293 studium?
3193 4258 3293 4275 --
3371 4214 3794 4289 Cales-hetam

757 4334 949 4432 quod
1016 4334 1300 4423 attinet,
1344 4336 1578 4409 ‘nemo
1633 4334 1833 4411 facile
1880 4336 2183 4425 videbit,
2241 4335 2589 4436 quomodo
2637 4337 2752 4411 ille
2798 4336 2946 4411 sine
2996 4332 3372 4411 maioribus
3415 4328 3750 4405 subsidiis
3770 4386 3791 4416 ,

756 4477 967 4553 quam
1037 4477 1245 4554 supra
1314 4454 1578 4529 dictum
1643 4461 1785 4543 est,
1850 4455 1981 4530 rite
2026 4454 2379 4531 informari
2416 4456 2636 4555 possit
2685 4459 2776 4550 ²).
2879 4454 3070 4530 Huic
3113 4452 3299 4529 enim
3341 4449 3620 4551 negotio
3663 4472 3793 4525 nec

840 4738 896 4813 ι)
954 4738 1087 4801 vm.
1126 4696 1435 4817 manci,
1476 4744 1710 4806 Εῑηιεει.
1748 4746 1810 4807 cn
1846 4746 1902 4809 a.
1941 4748 2108 4809 αισι.
2156 4746 2488 4812 mamea.
2525 4746 2610 4809 11.
2650 4747 2710 4807 S.
2753 4722 2890 4807 ⁶02.

840 4832 895 4913 ⁸)
952 4836 1082 4897 vid.
1123 4838 1409 4901 annotatio
1446 4841 1794 4921 praeoedens.

3316 4944 3406 5015 11
