4766 6034
1881 607 2436 678 ORATIO.
3585 612 3672 682 59

732 815 917 889 Sunt
975 818 1213 889 autem
1276 812 1619 912 quaedam
1682 814 2121 915 dogmaticae
2190 816 2452 916 capita,
2513 840 2693 917 quae
2757 840 2896 892 non
2963 822 3242 898 tantum
3307 819 3402 897 ad
3471 844 3669 910 eam,

635 958 847 1034 quam
908 932 1277 1035 proposui,
1341 957 1659 1009 normam
1718 934 2161 1012 diiudicanda
2225 944 2431 1025 sunt,
2495 937 2622 1012 sed
2672 962 2972 1036 quorum
3025 939 3384 1028 materies,
3449 948 3532 1017 ut
3570 941 3674 1019 ita

634 1055 899 1143 dicam,
960 1078 1049 1129 ex
1103 1054 1255 1155 ipso
1310 1054 1407 1129 N.
1470 1054 1913 1129 Testamento
1959 1054 2262 1152 petenda
2328 1060 2455 1129 est.
2553 1056 2978 1154 Exemplum
3040 1057 3670 1139 luculentlssimum

635 1172 1097 1273 Christologia
1156 1172 1477 1272 praebet.
1539 1173 1719 1249 hanc
1779 1197 1988 1250 nemo
2038 1172 2383 1273 intelliget
2433 1180 2558 1249 aut
2595 1174 2728 1249 rite
2765 1184 3141 1275 proponet,
3191 1176 3329 1253 nisi
3380 1177 3504 1278 qui
3548 1203 3666 1255 ex-

634 1292 1073 1393 spectationis
1116 1292 1545 1381 Messianae,
1610 1299 1683 1369 et
1724 1293 2133 1392 antiquioris
2150 1350 2171 1383 ‚
2234 1293 2580 1393 qualem
2558 1318 2633 1367 ιιι
2675 1293 2763 1369 V.
2811 1296 3254 1373 Testamenta
3308 1322 3384 1375 se
3427 1296 3630 1375 offert
3647 1357 3670 1387 ,

632 1422 705 1489 et
746 1412 1143 1489 recentioris
1157 1470 1177 1501 ,
1225 1436 1404 1511 qnae
1442 1414 1480 1487 1
1496 1437 1537 1487 e
1554 1437 1587 1487 s
1606 1436 1656 1486 u
1693 1428 1999 1511 tempore
2044 1414 2282 1489 aderat
2298 1470 2319 1501 ‚
2367 1420 2702 1519 perpetuo
2737 1414 3074 1491 rationem
3117 1417 3390 1493 habeat.
3455 1418 3678 1495 Quod.

633 1556 845 1631 quam
900 1555 1141 1607 verum
1180 1532 1311 1621 sit,
1358 1531 1611 1608 lubens
1658 1532 1987 1631 equidem
2028 1533 2179 1633 ipse
2224 1534 2659 1609 ostenderem
2707 1535 3170 1624 enucleatius3
3220 1543 3296 1611 at
3336 1536 3668 1635 quoniam

630 1651 892 1751 regiam
950 1652 1131 1727 hanc
1192 1651 1377 1727 viam
1440 1651 1865 1751 sagacissimi
1912 1652 2173 1752 quique
2228 1653 2371 1729 iam
2439 1652 2713 1728 dudum
2771 1652 3260 1751 ingrediuntur
3319 1655 3624 1757 theologi
3643 1714 3664 1745 ‚

630 1770 725 1846 ad
784 1795 1023 1847 eorum
1085 1771 1483 1872 exemplum
1545 1795 1951 1871 provocasse
2022 1768 2336 1848 sufficiat.
2451 1770 2614 1847 Alia
2681 1778 2918 1846 autem
2993 1779 3162 1849 sunt
3235 1774 3666 1874 dogmaticae

629 1890 855 1989 capita
874 1948 895 1979 ,
947 1914 1143 1989 quae
1208 1890 1417 1989 vulgo
1475 1918 1523 1965 a
1562 1894 1799 1989 priori
1812 1949 1833 1980 ,
1888 1898 1971 1967 ut
2017 1891 2249 1980 aiunt,
2300 1890 2858 1979 constituuntur,
2909 1892 3042 1969 etsi
3087 1892 3334 1969 eodem
3381 1892 3532 1971 iure
3581 1918 3662 1973 ae

630 2010 1091 2110 Christologia
1158 2010 1485 2087 historica
1533 2010 1825 2086 dicenda
1878 2020 2082 2087 sunt:
2148 2012 2378 2087 locum
2420 2010 2574 2086 volo
2595 2068 2616 2101 ,
2677 2011 2802 2109 qui
2843 2019 2952 2087 est
2997 2011 3086 2087 de
3134 2011 3368 2090 divina
3405 2012 3662 2091 revela·

626 2130 811 2205 tione
830 2189 853 2220 ,
916 2130 1007 2205 de
1068 2130 1551 2231 theopnenstia
1612 2130 1820 2205 sacris
1888 2132 2339 2232 scriptoribus
2397 2130 2768 2207 tribuenda
2784 2188 2806 2218 ,
2869 2131 2958 2207 de
3025 2130 3250 2205 Verbo
3307 2131 3542 2213 divino
3591 2138 3666 2213 et

626 2250 833 2325 Sacra
890 2249 1266 2350 Scriptura.
1366 2250 1607 2325 Solent
1656 2251 1845 2326 enim
1882 2251 2057 2327 haec
2096 2252 2331 2329 omnia
2380 2252 2458 2326 in
2509 2256 2966 2349 systematum
3011 2251 3518 2351 prolegomenis
3563 2252 3664 2331 ita

625 2370 915 2469 exponi,
986 2370 1189 2470 quasi
1250 2368 1339 2443 de
1397 2393 1480 2443 eo
1541 2368 1714 2467 quid
1782 2378 1965 2445 esset
2010 2371 2333 2447 revelatio
2349 2429 2372 2461 ,
2437 2370 2612 2470 quid
2655 2369 3138 2469 theopneustia
3185 2371 3369 2445 inter
3417 2396 3660 2453 omnes

623 2496 1005 2576 constaret3
1072 2488 1261 2563 unde
1323 2487 1586 2563 factum
1636 2496 1743 2563 est
1759 2546 1781 2579 ,
1830 2497 1911 2564 ιιι
1956 2490 2074 2567 alii
2090 2549 2111 2580 ‚
2160 2490 2287 2589 qui
2334 2490 2632 2571 evelatio
2653 2489 2766 2563 nis
2815 2514 3207 2587 perversam
3235 2540 3239 2545 -
3269 2490 3405 2565 sibi
3449 2491 3663 2570 infor-

621 2614 931 2685 massent
986 2606 1343 2683 notionem
1360 2664 1383 2696 ,
1444 2606 1639 2683 illam
1686 2615 1953 2685 exstare
2003 2610 2311 2710 potuisse
2348 2616 2686 2709 negarent
2721 2616 2845 2684 aut
2895 2634 3472 2709 supervacaneam
3517 2610 3662 2687 exi-

624 2728 1019 2817 stimarent;
1087 2734 1173 2803 ut
1232 2726 1353 2803 alii
1418 2734 1655 2803 contra
1672 2786 1695 2817 ,
1756 2728 2031 2829 singula
2088 2755 2269 2830 quae
2310 2730 2390 2805 in
2432 2728 2671 2804 Veteri
2717 2736 2792 2804 et
2829 2729 2921 2804 N.
2971 2731 3415 2807 Testamenta
3463 2754 3660 2831 repe·-

621 2849 897 2925 riuntur
911 2906 933 2938 ,
982 2872 1147 2924 cum
1180 2846 1705 2946 theopneustiae
1718 2905 1741 2937 ,
1779 2873 1993 2947 quam
2027 2856 2389 2927 tuerentur
2405 2908 2426 2941 ,
2462 2849 2746 2925 notione
2783 2849 2858 2923 in
2893 2851 3327 2928 concordiam
3349 2850 3665 2951 redigere

622 2969 848 3046 conati
861 3028 882 3061 ‚
949 2966 1449 3044 absurdissima
1506 2990 1823 3067 quaeque
1886 2969 2213 3073 amplecti
2278 2977 2707 3070 cogerentur.
2807 2968 3143 3068 Exempla
3163 3029 3184 3059 ‚
3251 2970 3425 3071 quid
3487 2970 3666 3046 mihi

626 3089 827 3166 velim
848 3148 869 3179 ,
916 3087 1309 3166 ostendant.
1408 3089 1613 3166 Quae
1664 3089 2013 3164 Geneseos
2056 3090 2227 3190 Cap.
2275 3091 2314 3163 I
2364 3089 2622 3189 legitur
2641 3146 2662 3177 ‚
2690 3088 2960 3186 ‚mundi
3004 3088 3218 3164 creati
3255 3089 3615 3167 historiam
3635 3148 3660 3178 ,

625 3202 789 3285 cum
857 3209 1207 3309 geologiae
1260 3206 1561 3281 inventis
1621 3232 1763 3283 non
1816 3209 2099 3284 omnino
2161 3209 2524 3284 convenire
2573 3207 2801 3282 multi·
2850 3215 3290 3283 censuerunt.
3405 3209 3660 3306 Itaque

624 3329 743 3405 alii
808 3329 985 3404 hanc
1036 3327 1131 3402 ob
1178 3351 1495 3403 caussam
1535 3326 1898 3427 pericopen
1944 3328 2201 3403 hancce
2238 3327 2603 3426 indignam
2642 3325 3303 3423 pronuntiaverunt,
3353 3351 3534 3425 quae
3583 3327 3662 3404 in

620 3448 1054 3525 revelationis
1110 3446 1421 3522 codicem
1465 3454 1743 3544 recepta
1787 3453 2005 3537 esset3
2054 3447 2211 3537 alii,
2260 3447 2520 3548 quibus
2565 3446 2810 3522 Sacrae
2853 3445 3247 3555 Scripturas
3289 3446 3662 3524 auctoritas

623 3593 827 3646 curae
888 3577 1039 3646 erat
1098 3566 1461 3665 cordique,
1530 3565 1622 3640 ad
1684 3564 2225 3640 contortissimas
2283 3563 2748 3664 confugerunt
2789 3564 3430 3664 interpretationes,
3479 3589 3662 3664 quae

620 3669 767 3764 Mo
782 3713 868 3764 se
882 3713 933 3763 n
1006 3711 1171 3762 cum
1236 3683 1547 3786 geologis
1607 3685 2015 3760 concordem
2082 3686 2448 3760 efficerent.
2558 3687 2660 3760 At
2733 3684 3080 3760 undenam
3143 3690 3454 3773 constat,
3530 3683 3664 3762 hoe

466 3897 479 3905 ,
624 3807 877 3896 fuisse,
939 3815 1068 3882 aut
1128 3804 1391 3881 auctori
1449 3803 1637 3879 illius
1706 3805 2155 3893 narrationis,
2222 3811 2348 3880 aut
2403 3803 2542 3904 ipsi
2603 3802 2814 3878 etiam
2857 3803 3014 3878 Deo
3056 3802 3532 3904 propositum,
3579 3811 3664 3878 ut

625 3925 1075 4024 geologorum
1120 3916 1767 4022 investigationibus
1814 3946 2131 3998 normam
2168 3922 2542 3998 scriberet?
2625 3922 2805 3997 Ad'
2782 3946 3007 4021 ipsam
3046 3923 3280 4021 potius
3327 3945 3456 3999 nos
3497 3945 3659 3998 con-

626 4052 973 4120 vertemus
1030 4043 1103 4118 S.
1162 4044 1443 4118 Sacram
1458 4099 1479 4130 ,
1529 4049 1612 4117 ut
1650 4043 2005 4140 quodnam
2052 4044 2144 4117 sit
2189 4043 2542 4143 pericopes
2591 4042 2954 4118 consilium
2971 4099 2992 4130 ‚
3041 4042 3406 4141 qualisque
3450 4039 3526 4118 in
3577 4065 3664 4116 ea

624 4163 1019 4239 vindicetur
1064 4162 1312 4238 veritas
1330 4219 1351 4252 ‚
1402 4162 1771 4238 discamus.
1866 4163 2189 4238 Alterum
2237 4163 2420 4238 addo
2467 4161 2886 4261 exemplum.
2983 4162 3209 4236 Fuere
3227 4217 3248 4250 ‚
3297 4159 3422 4259 qui
3467 4183 3658 4236 reve-

624 4283 901 4359 lationis
956 4282 1261 4358 fautores
1322 4307 1571 4380 parum
1624 4282 1761 4356 sibi
1810 4283 1999 4382 ipsos
2044 4289 2355 4358 constare
2403 4279 2880 4380 perhiberent,
2939 4279 3001 4355 si
3045 4279 3222 4358 duos
3265 4278 3416 4354 ‘eius
3461 4301 3660 4357 assu-

624 4409 927 4478 merent·
962 4401 1233 4476 codices
1252 4458 1273 4489 ,
1336 4401 1561 4476 Vetus
1616 4401 1873 4476 scilicet
1918 4408 1991 4476 et
2035 4402 2129 4478 N.
2178 4403 2739 4476 Testamentum:
2790 4399 2921 4474 hoc
2968 4397 3154 4476 enim
3205 4421 3356 4475 esse
3403 4398 3659 4477 revela-

624 4521 835 4596 tionis
890 4520 1243 4620 proprium
1265 4577 1287 4610 ,
1348 4527 1431 4596 ut
1489 4521 1847 4596 veritatem
1888 4545 2051 4596 cum
2096 4519 2498 4596 hominibus
2539 4518 3004 4596 communicet
3045 4543 3338 4618 eamque
3381 4518 3660 4598 absolu·

624 4649 815 4732 tam,
883 4664 1067 4739 quae
1124 4640 1341 4739 igitur
1396 4664 1787 4752 numquam
1804 4698 1827 4730 ,
1892 4665 1983 4716 ne
2042 4665 2167 4739 per
2224 4640 2435 4717 aliam
2491 4639 2777 4740 quidem
2824 4639 3308 4716 revelationem
3331 4698 3352 4731 ,
3396 4640 3660 4718 aboleri

627 4760 867 4860 possit.
968 4761 1367 4860 Agnoscitis
1400 4761 1935 4839 ratiocinationis
1974 4761 2263 4840 huiusce
2292 4761 2661 4840 consilium
2681 4817 2702 4854 ,
2741 4784 2922 4860 quae
2953 4785 3096 4839 non
3119 4761 3402 4838 alterius
3430 4759 3656 4836 utrius

2673 4905 2684 4913 .
3177 4880 3269 4954 8*
