4766 6034
1030 1659 1535 1770 AGADEMIAE‘
1552 1670 2141 1768 GRONTNGfflAE
2196 1704 2662 1768 CUBA'I'ORES
2709 1706 3018 1770 amous
3055 1707 3160 1770 IIS
3201 1707 3308 1768 AB
3346 1707 3578 1770 Acus

1110 1812 1235 1886 RS,
1274 1809 1843 1884 PROFEssonsss,
1885 1809 2231 1883 ALUMNI,
2274 1809 2840 1874 CUIUSCUNQUE
2879 1809 3204 1874 OBDINIS
3243 1812 3346 1872 ET
3384 1811 3572 1876 LOCI

1118 1912 1561 1976 AUDITORES
1600 1911 1856 1976 EXOPT
1864 1911 2237 1974 A'rlssmn

739 2394 816 2495 E
881 2415 1261 2517 disciplinis
1328 2415 1421 2492 ad
1468 2414 2077 2514 iurisprudentiam
2136 2416 2644 2514 pertinentibus
2689 2441 2810 2504 ea,
2872 2443 3050 2516 quae
3090 2419 3201 2494 ius
3250 2423 3566 2496 naturale

543 2537 885 2638 appellata
922 2544 1070 2627 est,
1120 2535 1391 2612 saeculo
1432 2543 1669 2610 nostro
1706 2534 1929 2635 magis
1972 2536 2333 2635 magisque
2385 2536 2458 2610 in
2503 2536 3038 2613 contemtionem
3085 2538 3292 2614 venit.
3357 2540 3564 2630 Quod

544 2680 765 2757 aeque
803 2655 1111 2734 fatentur
1148 2655 1273 2756 qui
1315 2655 1561 2732 merito
1605 2653 1934 2730 accidisse
1980 2657 2412 2734 contendunt
2449 2662 2660 2753 atque
2690 2655 2742 2728 ii
2780 2657 2904 2755 qui
2936 2656 3318 2733 immeritae
3341 2659 3564 2758 negli-

542 2777 818 2878 gentiae
885 2777 1161 2877 culpam
1227 2774 1709 2874 praeiudicatis
1774 2773 2137 2850 hominum
2191 2774 2636 2875 opinionibus
2687 2775 3176 2876 erroribusque
3221 2776 3568 2856 tribuunt.
3621 2812 3626 2821 ·

406 2969 413 2976 .
540 2897 793 2972 Multis
846 2904 1169 2972 vestrum
1190 2955 1210 2985 ‚
1274 2895 1685 2971 Auditores!
1754 2894 2067 2970 nondum
2138 2897 2470 2972 memoria
2528 2893 2784 2970 excidit
2823 2897 3076 2984 oratio,
3143 2921 3356 2996 quam
3407 2907 3574 2973 ante

540 3017 831 3119 triginta
890 3017 1031 3095 fere
1086 3040 1304 3093 annos
1360 3017 1445 3092 de
1488 3016 1959 3115 philosophica
2007 3017 2183 3092 iuris
2242 3017 2557 3091 doctrina
2606 3015 2740 3089 Aac
2783 3024 3014 3090 nostra
3061 3025 3292 3091 aetate
3335 3019 3576 3094 multia

539 3142 795 3215 iniuste
844 3146 1187 3214 contemta
1242 3136 1490 3213 habuit
1546 3138 1880 3211 Ganmus
1926 3158 2021 3209 nr.
2069 3135 2267 3209 WAn
2284 3194 2306 3225 ,
2358 3158 2580 3235 quum
2629 3133 2838 3208 huius
2881 3134 3304 3209 Academiae
3349 3138 3572 3235 magi-

544 3266 842 3335 stratum
895 3257 1283 3347 abdicaret,
1342 3256 1619 3357 publice
1668 3262 1999 3355 susceptu
2032 3254 2243 3331 huius
2288 3254 2650 3332 derelictae
2699 3252 2840 3329 fere
2883 3278 3130 3329 causae
3170 3254 3569 3352 patrocinio,

542 3380 637 3454 Et
714 3380 998 3455 cuinam
1060 3378 1344 3453 tandem
1408 3377 1482 3451 in
1550 3376 1773 3477 patria
1834 3382 2069 3450 nostra
2132 3374 2600 3451 iureconsulto
2673 3371 2913 3472 ignota
2995 3381 3104 3449 est
3174 3374 3574 3450 doctissima

544 3498 861 3573 eiusdem
912 3495 1175 3596 egregii
1214 3493 1341 3571 viri
1390 3491 1881 3575 commentatio
1897 3549 1918 3580 ‚
1982 3493 2067 3566 de
2104 3493 2508 3589 diemplinao
2550 3494 2726 3568 imis
2761 3496 3100 3571 naturalis
3133 3497 3578 3593 praestantia

546 3621 763 3718 deque
782 3618 929 3691 Ioco
952 3642 1081 3716 quo
1107 3617 1205 3693 eit
1223 3615 1531 3690 habenda
1554 3670 1573 3701 ,
1624 3610 1717 3686 ab
1753 3610 2071 3685 Instituti
2112 3609 2318 3709 Regii
2362 3610 2632 3711 Belgici
2675 3612 2890 3688 classe
2945 3612 3150 3687 tertia
3191 3615 3542 3713 proposita
3557 3672 3580 3703 ,

550 3762 732 3835 quae
796 3735 1037 3834 peritis
1095 3732 1445 3809 iudicibus
1488 3732 1661 3809 adeo
1699 3730 1988 3806 feliciter
2037 3729 2255 3806 dubia
2307 3731 2568 3806 solvere
2620 3731 2766 3807 visa
2817 3737 2924 3807 est
2939 3790 2958 3821 ,
3013 3738 3096 3807 ut
3142 3741 3382 3811 auctor
3429 3756 3578 3808 non

551 3864 833 3931 tantum
894 3853 1199 3955 praemio
1255 3860 1613 3928 ornaretur
1630 3910 1651 3941 ‚
1716 3852 1841 3925 sed
1900 3851 2111 3927 etiam
2172 3876 2215 3926 a
2262 3851 2616 3929 nonnullis
2665 3850 3023 3940 scientiae,
3089 3853 3288 3927 cuius
3329 3878 3582 3953 parens

552 3975 690 4049 dici
744 3975 917 4049 solet
971 3974 1201 4049 Hueo
1245 3976 1580 4049 Gnorms·
1597 3986 1637 4061 ‚⁸
1684 3971 2117 4070 praedicetur
2162 3979 2482 4047 servator.
2602 3969 3100 4047 Verumtamen
3145 3996 3274 4047 nec
3321 3996 3578 4073 magna

552 4094 903 4171 doctrinae
938 4094 1135 4193 copia
1179 4118 1392 4193 quam
1434 4100 1589 4169 tum
1624 4092 1697 4166 in
1728 4091 2014 4167 histum
2036 4092 2109 4164 in
2142 4089 2424 4189 reliquis
2459 4090 2584 4165 viri
2605 4091 2932 4188 praeclari
2955 4091 3225 4191 scriptis
3247 4090 3576 4165 admirari

553 4213 855 4289 solemus
875 4273 895 4302 ‚
942 4238 1085 4287 nec
1132 4211 1519 4289 communis
1566 4212 1706 4287 fere
1754 4211 2167 4285 nostratium
2219 4210 2556 4285 adsensus
2577 4268 2598 4297 ‚
2645 4232 2773 4283 nec
2817 4207 3122 4307 denique
3167 4208 3574 4307 amplissimi

552 4333 854 4431 corporis
912 4332 1381 4432 comprobatio
1458 4331 1966 4431 impediverunt
2026 4354 2165 4429 quo
2228 4330 2464 4405 minus
2511 4328 2689 4403 illud
2730 4328 2902 4403 iuris
2947 4329 3278 4403 naturalis
3298 4387 3318 4417 ,
3385 4328 3575 4425 quod

553 4452 942 4527 accuratius
1005 4452 1177 4527 iuris
1229 4451 1579 4527 rationalis
1639 4450 1891 4526 dixeris
1949 4450 2261 4526 studium
2281 4507 2302 4540 ,
2370 4450 2446 4525 in
2507 4448 2656 4523 dies
2711 4446 2809 4521 ita
2871 4446 3246 4523 decreverit
3299 4452 3381 4521 ut
3432 4446 3579 4520 fere

556 4572 975 4646 exstinctum
1043 4570 1181 4645 dici
1250 4570 1489 4670 possit.
1590 4570 1870 4645 Etenim
1936 4571 2009 4645 in
2070 4570 2261 4646 nulla
2321 4568 2733 4644 Germaniae
2793 4567 3234 4643 universitate
3253 4625 3274 4657 ,
3339 4592 3378 4641 e
3437 4592 3578 4666 qua

554 4700 785 4767 tamen
844 4690 1125 4791 regione
1183 4697 1331 4766 tota
1384 4691 1553 4765 haec
1605 4690 2134 4790 philosophandi
2184 4689 2357 4764 ratio
2407 4688 2498 4765 ad
2544 4712 2671 4763 nos
2713 4688 3055 4777 manavit,
3102 4688 3328 4764 ullum
3370 4687 3582 4762 hodie

554 4810 814 4886 invenit
863 4818 1223 4888 strenuum
1274 4810 1631 4910 dignitatis
1680 4836 1845 4887 suae
1884 4810 2320 4887 adsertorem.
2421 4806 2636 4884 Multi
2681 4815 2919 4885 contra
2966 4808 3068 4882 ibi
3115 4806 3248 4884 alio
3296 4830 3582 4906 prorsus

2952 4930 3046 5003 22
3062 4928 3106 4973 ¹*
