4766 6034
1282 608 1411 679 150
2261 603 2652 673 SERIES
2718 603 3380 676 LEGTIONUM.

1394 817 1853 894 oeconomiam
1904 815 2267 914 politicam
2330 812 2606 890 docebit
2656 815 2717 889 Ι.
2782 816 3284 891 Ασκκιωῖοκ
3305 873 3325 904 ,
3390 811 3642 888 diebus
3697 815 3904 888 lunae
3921 870 3941 901 ‚
3991 817 4238 891 mercurii

1290 948 1360 1015 et
1410 937 1712 1024 veneria,
1762 933 1931 1010 hora
1977 933 2113 1008 XI.

1377 1059 1807 1156 Disciplinae
1842 1056 2040 1130 Iuris
2068 1056 2412 1130 naturalis
2442 1053 2586 1130 tat·
2621 1059 2692 1128 et
2729 1054 3102 1154 praecipua
3135 1052 3390 1153 placita
3421 1059 3724 1152 exponet
3749 1053 3841 1127 G.
3862 1052 3952 1128 G.
3977 1051 4236 1142 Vnum,

1292 1178 1540 1254 diebus
1588 1178 1837 1266 lunae,
1887 1173 2211 1250 mercurii
2260 1181 2331 1249 et
2377 1174 2682 1262 veneriS,
2731 1172 2901 1248 hora
2947 1173 3083 1249 IX.

1376 1299 1507 1372 Ius
1550 1299 1893 1395 publicum
1955 1297 2301 1370 Batavum
2360 1293 2592 1370 tradet
2653 1295 2744 1370 G.
2805 1295 2897 1368 G.
2961 1293 3308 1381 Vnicum,
3369 1290 3628 1366 diebus
3665 1232 3880 1368 lunae
3921 1300 3992 1367 et
4033 1295 4237 1382 martis,

1282 1419 1448 1492 hora
1492 1415 1700 1490 VIII.

1378 1539 1510 1612 Ius
1540 1537 1843 1637 yentium
1888 1535 2323 1632 Europaem
2368 1535 2458 1608 G.
2502 1535 2596 1608 G.
2643 1531 2990 1621 mei,
3037 1533 3292 1608 diebus
3323 1534 3568 1609 martis
3595 1541 3670 1609 et
3697 1535 3997 1624 saturni,
4023 1535 4154 1609 hora
4173 1535 4236 1606 X.

1380 1657 1649 1732 Selecta
1703 1659 1789 1731 de
1842 1657 2329 1730 necessitudine
2386 1656 2812 1730 Batavorum
2868 1679 3018 1728 cum
3069 1656 3352 1753 popidis
3411 1658 3708 1743 ceteris,
3771 1657 3863 1730 ab
3903 1681 4065 1729 anno
4103 1657 4238 1729 1648

1282 1804 1489 1880 usque
1536 1780 1636 1852 ad
1666 1783 1899 1851 nostra
1939 1782 2277 1872 tempora,
2326 1773 2556 1847 tradet
2605 1775 2693 1848 G.
2747 1774 2836 1852 G.
2888 1772 3237 1862 menn,
3287 1773 3402 1849 die
3449 1774 3756 1862 saturni,
3803 1780 3972 1850 hora
4012 1777 4063 1849 Ι.

1376 1900 1509 1974 Ius
1563 1897 1951 1982 criminale,
2017 1901 2162 1968 tam
2220 1893 2605 1984 Batavum,
2673 1917 2886 1996 quam
2947 1919 3319 1983 commune,
3385 1893 3664 1970 docebit
3705 1897 3794 1971 G.
3845 1897 3932 1970 G.
3975 1893 4238 1978 Vnum,

1286 2019 1535 2094 diebus
1584 2014 1943 2103 mercurii,
1991 2013 2163 2088 iovis
2212 2020 2284 2088 et
2330 2013 2637 2101 veneris,
2688 2013 2856 2089 hora
2903 2014 3108 2090 VIII.

1388 2138 1694 2211 Codicem
1769 2136 2242 2215 Quaestionum
2303 2135 2752 2209 criminalium
2805 2132 3182 2234 explicabit
3243 2135 3330 2208 G.
3393 2135 3482 2208 G.
3529 2131 3845 2210 Vnum:
3863 2192 3884 2223 ‚
3947 2134 4106 2208 die
4087 2134 4238 2219 10vis‚

1286 2258 1455 2334 hora
1501 2253 1575 2331 X
1594 2313 1615 2345 ,
1667 2255 1779 2329 die
1826 2253 2125 2343 veneris,
2174 2252 2343 2329 hora
2391 2256 2430 2327 Ι
2450 2313 2470 2342 ,
2516 2251 2634 2328 die
2687 2255 2995 2343 saturni,
3045 2253 3214 2328 hora
3259 2253 3467 2328 VIII.

1274 2415 1283 2422 ·
1381 2376 1693 2452 Publicis
1738 2375 2133 2473 disputandi
2173 2375 2520 2450 excercitiis
2560 2371 2842 2448 alternis
2893 2373 3162 2449 saturni
3211 2372 3460 2448 diebus
3511 2379 3881 2472 praeerunt
3923 2372 4086 2448 Iuris
4121 2371 4266 2446 Pro-·

1282 2499 1570 2574 sessores
1590 2555 1611 2586 ,
1660 2494 1829 2570 hora
1877 2493 2048 2568 XII.

1686 2734 1799 2807 IN
1844 2731 2404 2808 FACULTATE
2451 2731 3183 2808 PHILOSOPHIAE
3231 2681 3910 2808 {rimomrchE

2010 2851 2135 2928 ΕΤ
2178 2853 2824 2929 LirmRARUM
2871 2851 3593 2928 HUMANIORUM.

1376 3093 1699 3194 Loyicam
1762 3092 2039 3169 docebit
2098 3093 2176 3168 C.
2244 3094 2331 3170 G.
2395 3094 2803 3171 Orzooumi
2821 3152 2842 3184 ,
2918 3094 3168 3170 diebus
3238 3090 3412 3167 iovis
3429 3150 3450 3181 ,
3529 3093 3796 3169 veneris
3869 3102 3944 3169 et
4005 3090 4239 3175 monui,

1281 3213 1449 3289 hora
1494 3214 1594 3289 ΙΙ.

1376 3334 1923 3433 Metapbysicam
1972 3336 2045 3410 C.
2098 3335 2187 3409 G.
2242 3334 2652 3409 Orzoonnn
2671 3391 2692 3424 ,
2743 3332 2994 3409 diebus
3037 3333 3248 3420 ioviS,
3301 3332 3562 3407 veneris
3603 3339 3676 3407 et
3707 3332 4006 3423 saturni,
4039 3332 4173 3406 hora
4195 3328 4235 3399 1.

1206 3486 1215 3494 ·
1378 3456 1765 3530 Historiam
1815 3454 2292 3555 philosophiae
2358 3456 2608 3529 veteris
2670 3450 3016 3529 enarrabit
3083 3454 3153 3529 S.
3219 3452 3576 3528 Knemis
3593 3510 3616 3543 ,
3679 3452 3930 3528 diebus
3983 3453 4150 3528 lunae
4189 3452 4238 3519 et

1284 3573 1455 3647 iovis
1474 3632 1495 3663 ,
1545 3574 1713 3649 hora
1750 3574 1829 3647 II
1848 3633 1869 3664 ,
1916 3575 2134 3651 aliave
2181 3572 2664 3651 commodiore.

1382 3694 1694 3769 Litteras
1763 3696 2059 3770 Latinas
2120 3694 2396 3771 docebit
2440 3694 2527 3769 A.
2581 3716 2731 3767 vm
2787 3694 3250 3768 Goononvn
3270 3751 3291 3781 ‚
3361 3692 3612 3767 diebus
3673 3692 3920 3768 martis
3935 3752 3954 3781 ‚
4013 3690 4150 3765 iovis
4185 3696 4236 3759 et

1284 3813 1549 3889 veneris
1566 3872 1587 3903 ,
1637 3813 1805 3889 hora
1840 3812 1952 3887 XI
1973 3868 1993 3902 ,
2042 3814 2556 3914 interpretando
2583 3812 2894 3889 Sallustii
2933 3816 3116 3889 Belli
3151 3814 3550 3913 Imrtkini
3585 3819 3856 3912 partem
3897 3820 4232 3913 postremam

1282 3941 1357 4007 et
1404 3934 1679 4034 Virgilii
1723 3935 1803 4010 L.
1854 3934 1933 4007 II
1980 3936 2337 4011 Aeneidos.

1382 4056 1877 4154 Antiquitatem
1898 4056 2277 4131 ‚Romanam
2303 4054 2394 4130 A.
2419 4076 2571 4129 vm
2595 4054 3056 4130 Goonozvmz
3076 4110 3096 4143 ‚
3127 4052 3376 4127 diebus
3405 4052 3645 4129 martis
3663 4110 3684 4141 ,
3713 4052 3888 4129 iovis
3907 4060 3974 4127 et
3995 4045 4228 4127 veneris,

1280 4174 1447 4250 hora
1493 4173 1586 4249 X.

1374 4295 1689 4369 Litteras
1748 4296 2053 4369 Graecas
2110 4292 2390 4369 docebit
2449 4295 2520 4369 S.
2588 4295 2946 4369 KAnsm
2967 4352 2986 4382 ,
3053 4292 3308 4371 diebus
3372 4294 3578 4367 lunae
3598 4351 3617 4382 ,
3682 4293 3924 4367 martis
3943 4351 3962 4381 ‚
4009 4287 4144 4363 iovis
4175 4290 4228 4355 et

1280 4412 1584 4500 veneris»,
1634 4411 1801 4487 hora
1851 4410 2041 4502 XII,
2092 4412 2607 4513 interpretando
2660 4420 2814 4487 tum
2851 4413 3035 4487 locos
3085 4413 3371 4487 selectos
3417 4437 3506 4487 ex
3552 4412 3848 4487 Homeri
3887 4410 4088 4487 Iliade
4114 4412 4166 4477 et
4193 4424 4224 4471 θ

1280 4532 1588 4609 Platonis
1635 4556 1843 4631 opere
1888 4536 1977 4607 de
2023 4534 2242 4632 Rep„
2292 4540 2448 4609 tum
2500 4532 2854 4632 Sophoclis
2903 4536 3330 4633 Antiyonam.

1378 4654 1871 4751 Antiquitatem
1920 4656 2249 4730 Graecam
2292 4654 2361 4732 S.
2388 4652 2786 4743 Kmsrlm,
2836 4652 3085 4729 diebus
3127 4652 3450 4729 mercurii
3489 4660 3566 4728 et
3607 4651 3912 4742 veneria,
3957 4651 4094 4726 hm
4108 4639 4218 4725 IX

1280 4768 1494 4847 aliave
1542 4773 2021 4851 commodiore.
