4766 6034
1014 652 1029 665 ‚
1134 622 1222 692 w
2096 714 2103 721 ὓ
2318 597 2994 688 Α.ΚυΕἮΕΝ

1128 854 1305 907 ιιιιιιι
1350 829 1626 905 deesse:
1678 850 1891 927 quare
1928 824 2059 901 hoc
2094 824 2271 901 mihi
2324 834 2573 926 expeto
2588 886 2609 917 ,
2657 833 2739 902 ut
2779 827 2858 903 in
2892 832 3250 927 posterum
3293 852 3573 929 quoque
3611 852 3726 905 me
3765 832 4165 907 sustentetis

1129 950 1443 1027 doctrina
1515 956 1587 1023 et
1652 946 1953 1023 consiliis
2021 945 2325 1035 Vestris,
2389 972 2621 1047 neque
2679 948 2881 1023 aliter
2947 946 3036 1022 de
3091 970 3206 1023 me
3269 948 3678 1025 existimetis
3737 950 4040 1052 collega,
4087 976 4168 1029 ac

1128 1070 1481 1171 quondam
1557 1070 1645 1145 de
1714 1068 2075 1169 discipulo.
2191 1067 2564 1167 Quidquid
2635 1076 2874 1143 autem
2944 1067 3118 1143 mihi
3183 1068 3408 1159 desit,
3481 1069 3925 1170 disciplinae,
3995 1096 4172 1172 quae

1127 1191 1327 1267 nobis
1361 1189 1693 1266 mandata
1728 1197 1875 1278 est,
1923 1211 2271 1277 amorem,
2322 1187 2742 1277 autVestri,
2793 1186 2987 1265 Viri
3018 1188 3806 1267 coniunctissimi!
3857 1192 4172 1269 studium

1124 1311 1607 1388 desiderabitis
1654 1332 2067 1408 numquam.

1215 1434 1317 1507 At
1377 1456 1649 1531 nequeo
1702 1456 1746 1506 a
1796 1428 2047 1505 Vestro
2096 1428 2339 1504 ordine
2392 1452 2508 1503 me
2551 1434 2857 1505 avertere
2875 1488 2896 1519 ,
2959 1429 3098 1505 nisi
3155 1429 3316 1505 'ribi
3365 1454 3648 1530 quoque
3697 1434 4008 1507 animum
4051 1458 4168 1507 ex-

1118 1552 1461 1650 plicuero,
1526 1549 1941 1625 Venerande
2000 1550 2267 1638 Senex,
2334 1548 2736 1625 Clarissimo
2799 1575 2960 1626 van
3005 1548 3403 1650 Hengell
3493 1549 3712 1626 Hunc
3771 1553 3958 1627 diem
4011 1552 4170 1627 Tibi

1117 1697 1397 1773 quoque
1454 1673 1890 1747 fortunatum
1948 1668 2168 1744 videri
2183 1728 2204 1759 ,
2272 1670 2468 1745 haud
2531 1669 2934 1747 dubitanter
2981 1672 3318 1746 affirmare
3367 1669 3614 1747 audeo.
3717 1672 3939 1772 Saepe
3981 1673 4166 1747 enim

1116 1792 1505 1892 significare
1548 1799 1620 1866 te
1666 1788 2001 1879 memini,
2048 1789 2491 1867 vehementer
2535 1798 2606 1865 te
2651 1800 2890 1891 optare
2908 1850 2930 1882 ,
2977 1791 3124 1867 fore
3175 1797 3258 1866 ut
3300 1798 3659 1867 vacantem
3699 1792 3774 1866 in
3821 1791 4168 1892 theologia

1112 1913 1515 1988 cathedram
1582 1911 2071 1987 conscenderet
2128 1934 2315 1985 unus
2379 1935 2469 1986 61
2511 1934 2757 1987 eorum
2803 1936 3098 1988 numero
3118 1970 3139 2001 ,
3189 1910 3314 2009 qui
3360 1912 3514 1986 Tua
3561 1911 3918 2011 quondam
3969 1911 4164 1989 insti-

1005 2086 1013 2092 »
1114 2032 1385 2108 tutione
1450 2033 1863 2108 fruerentur.
1962 2030 2131 2107 Voti
2194 2031 2294 2106 'l'e
2360 2038 2754 2131 compotem
2812 2033 3208 2129 iterumque
3259 2039 3652 2130 compotem
3699 2030 3960 2107 factum
4019 2056 4168 2107 esse

1115 2160 1187 2225 et
1234 2152 1383 2252 ipse
1427 2153 1641 2228 laetor
1699 2160 1773 2227 et
1812 2152 1974 2226 Tibi
2018 2176 2107 2227 61
2153 2151 2388 2226 animo
2441 2152 2772 2252 gratulor.
2871 2154 3125 2251 Neque
3168 2175 3442 2240 vereor,
3491 2177 3582 2227 ne
3644 2153 3944 2228 hominis
3983 2176 4165 2229 arro·

1111 2272 1344 2376 gantis
1410 2273 1579 2348 haec
1651 2296 1784 2348 vox
1844 2266 2221 2347 habeatur:
2284 2272 2502 2348 habes
2561 2274 2750 2350 enim
2813 2274 2888 2347 in
2953 2272 3450 2371 discipulorum
3511 2274 3824 2347 Tuorum
3877 2297 4167 2347 numero

1112 2394 1369 2468 multos
1438 2393 1767 2483 fort-asse,
1836 2394 1963 2492 qui
2030 2418 2145 2469 me
2216 2393 2529 2469 doctrina
2589 2402 2660 2469 et
2717 2393 3139 2493 experientia
3183 2392 3390 2526 longe
3437 2401 3804 2492 superent,
3853 2392 3992 2467 'I'ui
4042 2392 4163 2467 ob·

1110 2514 1599 2589 servantiorem
1672 2514 1971 2612 Tibique
2034 2513 2261 2613 magis
2327 2514 2649 2589 deditum
2713 2512 3008 2587 habebis
3069 2512 3444 2587 neminem.
3544 2513 3644 2586 At
3689 2513 3866 2587 forte
3917 2513 4166 2611 aliquis

1110 2633 1454 2709 exorietur
1474 2691 1495 2722 ‚
1566 2634 1691 2731 qui
1758 2657 1902 2709 non
1956 2634 2110 2709 'l'ua
2169 2633 2460 2732 quidem
2527 2634 2652 2709 sed
2703 2631 3124 2708 Academiae
3169 2656 3417 2707 caussa
3461 2631 3649 2707 hunc
3695 2632 3794 2707 rei
3837 2639 4164 2708 eventum

1110 2752 1377 2851 lugeat:
1452 2752 1836 2829 etiamnum
1894 2754 2085 2829 enim
2155 2754 2333 2829 valet
2353 2814 2373 2843 ,
2442 2754 2634 2854 quod
2691 2760 2856 2829 ante
2912 2752 3040 2827 hos
3091 2776 3350 2852 paucos
3403 2776 3678 2827 menses
3723 2752 3814 2826 de
3865 2753 3966 2826 Te
4006 2776 4162 2851 pro·

1109 2873 1458 2948 nuntiarit
1506 2874 1791 2974 Collega
1836 2876 2033 2950 Tuus
2086 2874 2733 2953 coniunctissimus:
2789 2876 2890 2949 'I'e
2939 2872 3102 2948 'ribi
3144 2866 3370 2947 unum
3413 2871 3760 2972 optimum
3811 2896 3962 2949 esse
4009 2894 4164 2946 suc-

1106 3015 1466 3069 cessorem.
1482 3057 1498 3070 .
1564 2994 1827 3071 Eorum
1848 3054 1867 3084 ,
1930 2995 2055 3094 qui
2116 2994 2212 3070 sic
2274 2996 2624 3086 sentiunt,
2692 2993 3055 3072 desideriis
3101 2992 3226 3092 qui
3272 3016 3406 3092 ego
3459 2992 3648 3068 solus
3697 2990 4111 3068 satisfaciam
4127 2994 4162 3065 P

1105 3113 1394 3189 Utinam
1460 3139 1618 3190 vero
1672 3117 1863 3215 quod
1908 3117 1998 3191 de
2044 3116 2145 3191 'I'e
2187 3117 2609 3215 praedicavit
2629 3174 2649 3205 ,
2701 3114 2892 3190 idem
2939 3113 3016 3188 1ιι
3061 3135 3220 3187 meo
3271 3111 3484 3185 etiam
3533 3109 3848 3210 exemplo
3891 3109 4162 3186 verissi-

1100 3255 1299 3306 mum
1356 3257 1507 3308 esse
1558 3235 1925 3333 appareat!
1999 3233 2153 3308 Abs
2205 3235 2305 3308 Te
2350 3257 2518 3332 ergo
2559 3239 2724 3332 peto
2745 3291 2766 3320 ,
2815 3238 2900 3306 ιιι
2941 3230 3224 3330 ingenio
3245 3289 3264 3318 ,
3314 3229 3666 3306 doctrinae
3711 3230 3947 3330 copia,
3995 3255 4161 3306 con-

1101 3351 1271 3425 siliis
1318 3353 1491 3427 Tuis
1536 3354 1637 3429 ita
1690 3353 1865 3428 mihi
1909 3361 2182 3451 praesto
2228 3353 2323 3427 sis
2343 3411 2363 3442 ‚
2413 3360 2498 3428 ut
2543 3377 2832 3427 munere
2882 3375 3040 3426 meo
3085 3350 3341 3450 fungar
3386 3352 3486 3425 Te
3533 3375 3674 3426 non
3721 3349 4006 3424 omnino
4047 3350 4159 3424 in·

1100 3469 1397 3570 dignus!
1466 3471 1673 3546 Faxit
1728 3479 1963 3546 autem
2025 3472 2225 3546 Deus
2243 3529 2264 3560 ,
2331 3479 2414 3545 ut
2465 3471 2592 3546 diu
2639 3472 2852 3547 etiam
2895 3469 3042 3547 otio
3095 3470 3248 3544 Τιιο
3291 3469 3540 3544 &uaris
3561 3527 3581 3558 ,
3631 3494 3720 3543 61
3763 3493 3903 3566 quo
3945 3476 4030 3542 ut
4077 3469 4158 3542 in

1100 3587 1537 3688 disciplinam
1602 3597 1911 3666 nostram
1974 3597 2047 3664 et
2104 3590 2182 3664 in
2239 3591 2419 3666 hanc
2476 3590 2970 3679 Academiam,
3019 3590 3121 3665 ita
3169 3588 3246 3660 in
3292 3611 3408 3660 me
3461 3611 3740 3685 quoque
3791 3587 4158 3663 commoda

1100 3705 1385 3803 quaevis
1432 3706 1903 3782 redundatura
1948 3731 2141 3797 esse,
2190 3707 2343 3807 ipsa
2390 3707 2812 3807 experientia
2857 3707 3148 3783 edoctus
3193 3731 3519 3806 auguror.

1198 3824 1346 3900 Vos
1376 3825 1661 3901 tandem
1686 3827 2060 3926 compello,
2096 3827 2619 3904 Academiae
2655 3827 3025 3903 huiusce
3064 3826 3432 3916 alumni,
3471 3825 4150 3902 Commilitones

1101 3943 1676 4043 optatissimi
1708 3945 1723 4018 l
1792 3944 2113 4020 Vestram
2146 3945 2280 4020 ubi
2320 3946 2596 4022 intueor
2634 3969 2992 4036 coronam,
3041 3970 3182 4023 non
3223 3971 3366 4022 una
3407 3945 3496 4022 de
3525 3970 3770 4022 caussa
3799 3943 3972 4020 mihi
3993 3951 4148 4019 tur-

1096 4063 1305 4138 batur
1342 4063 1640 4140 animus.
1739 4064 2006 4140 Tantus
2056 4065 2243 4140 enim
2288 4061 2529 4142 eorum
2581 4076 2688 4142 est
2729 4091 3103 4157 numerus,
3151 4091 3452 4167 quorum
3495 4065 3958 4144 familiaritate
3999 4062 4150 4140 iam

1098 4184 1223 4258 diu
1266 4192 1427 4259 utor
1444 4242 1465 4272 ,
1532 4190 1617 4258 ut
1662 4182 2048 4260 etiamnum
2090 4210 2277 4260 unus
2322 4187 2412 4260 de
2450 4185 2670 4261 Vobis
2717 4211 2868 4261 esse
2914 4183 3089 4261 mihi
3133 4187 3408 4276 videar;
3457 4193 3810 4286 praeterea
3849 4183 4150 4260 docendi

1094 4325 1353 4380 munus
1368 4363 1389 4392 ,
1454 4305 1647 4404 quod
1707 4305 2042 4404 suscipio,
2110 4313 2375 4382 tantam
2437 4307 2652 4383 habet
2697 4307 3176 4384 difficultatem
3219 4313 3292 4382 et
3340 4312 3777 4382 momentum
3819 4309 4099 4378 tantum
4118 4361 4142 4391 ,

1096 4431 1177 4497 ut
1228 4423 1405 4522 quid
1459 4425 1732 4500 valeant
1791 4425 2098 4515 humeri,
2156 4426 2333 4526 quid
2382 4427 2560 4502 ferre
2605 4433 2927 4502 recusent
2976 4426 3150 4501 mihi
3197 4426 3553 4515 conscius,
3600 4423 3880 4524 gravius
3924 4422 4142 4497 inter-

1096 4542 1305 4631 dum,
1370 4569 1581 4642 quam
1626 4553 1709 4620 ut
1754 4545 1927 4620 mihi
1975 4545 2429 4646 iniungatur,
2475 4546 2653 4621 illud
2699 4545 3022 4622 iudicem.
3121 4544 3249 4619 Uti
3293 4545 3482 4620 enim
3523 4544 3600 4618 in
3639 4542 3860 4617 Vobis
3913 4541 4142 4618 omni·

1096 4660 1233 4736 bus
1290 4663 1513 4760 patria
1574 4689 1769 4762 spem
1824 4690 2023 4742 suam
2074 4666 2468 4755 collocavit,
2527 4665 2628 4742 ita
2669 4665 3015 4742 Ecclesiae
3059 4664 3248 4740 salus
3297 4689 3445 4740 non
3487 4663 3817 4763 exiguam
3865 4669 4142 4762 partem

1096 4779 1188 4856 ab
1252 4781 1339 4857 iis
1400 4780 1729 4858 Vestrum
1792 4785 2083 4883 pendet,
2154 4786 2279 4886 qui
2336 4784 2725 4886 theologiae
2779 4809 3060 4885 operam
3105 4785 3414 4877 navatis,
3475 4805 3912 4884 quorumque
3957 4780 4140 4858 mibi
