4766 6034
1882 630 2440 699 ORATIO.
3571 630 3656 697 69

716 838 1167 939 Singulorum
1224 844 1459 912 autem
1522 836 1855 915 Vestrum
1912 862 2078 939 erga
2135 864 2249 915 me
2292 838 2539 914 merita
2590 860 2730 913 nou
2775 838 3364 915 commemorabo:
3417 862 3659 917 verum

618 968 699 1034 ut
758 960 857 1033 Te
915 954 1497 1057 praetermittam,
1562 958 1672 1035 01.
1735 960 2208 1059 Iuynbolll
2277 984 2418 1035 non
2485 958 2650 1033 sinit
2692 958 2936 1058 pietas.
3037 957 3276 1035 'Palem
3329 960 3516 1036 enim
3560 962 3661 1036 Te

619 1084 942 1177 expertus
986 1101 1146 1151 sum
1191 1084 1263 1152 et
1312 1085 1826 1177 praeceptorem
1869 1085 1941 1154 et
1978 1078 2281 1155 amicum
2300 1136 2323 1169 ,
2370 1085 2454 1153 ut
2472 1133 2493 1166 ,
2545 1076 2604 1151 si
2649 1076 2820 1175 quid
2865 1076 2942 1151 in
2989 1100 3167 1153 novo
3204 1077 3394 1177 quod
3427 1078 3660 1179 auspi-

618 1222 733 1273 cor
793 1220 1082 1272 munere
1137 1195 1311 1272 mihi
1358 1198 1593 1273 minus
1639 1206 1959 1298 optatum
2005 1200 2131 1289 sit,
2180 1198 2311 1275 hoc
2354 1198 2484 1287 sit,
2535 1196 2725 1297 quod
2771 1195 3124 1271 vinculum
3146 1255 3167 1287 ,
3221 1222 3362 1297 quo
3404 1197 3660 1275 hucus-

620 1342 756 1419 que
794 1317 1061 1392 fuimus
1102 1316 1362 1406 iuncti,
1410 1317 1603 1393 brevi
1640 1343 1827 1395 nunc
1870 1320 2270 1420 disruptum
2308 1319 2398 1393 iri
2437 1317 2774 1393 videatur.
2879 1316 3020 1393 Sed
3057 1317 3346 1393 minime
3387 1342 3660 1409 vereor,

618 1462 706 1513 ne
770 1436 1244 1536 disrumpatur
1310 1444 1670 1536 propterea
1737 1439 2041 1515 amicitia
2101 1464 2281 1539 quae
2340 1462 2469 1514 nos
2528 1437 2797 1536 iungit;
2866 1438 3037 1536 quin
3101 1437 3336 1539 potius
3383 1462 3536 1537 eam
3587 1439 3662 1513 in

619 1564 973 1658 posterum
1025 1556 1249 1655 magis
1298 1558 1507 1633 etiam
1526 1617 1546 1647 ,
1597 1558 1659 1634 si
1705 1559 1854 1634 fieri
1900 1566 2168 1660 potest,
2219 1560 2580 1635 firmatum
2627 1555 2713 1630 iri
2763 1564 2835 1631 et
2883 1582 3083 1657 spero
3132 1566 3205 1633 et
3249 1558 3550 1634 confide.

716 1676 835 1751 Ad
900 1675 1037 1750 Vos
1104 1700 1219 1751 me
1281 1685 1641 1766 convert0,
1707 1669 1927 1754 Viri'
1966 1677 2512 1754 Clarissimi!
2566 1676 2639 1752 in
2686 1701 2860 1778 quos
2902 1679 3324 1779 theologiam
3370 1678 3662 1754 docendi

616 1796 967 1897 provincia
1010 1795 1239 1872 delata
1286 1804 1413 1873 est.
1516 1802 1881 1878 Quaenam
1929 1805 2167 1875 autem
2214 1797 2542 1900 cogitatio
2584 1798 2900 1873 animum
2943 1822 3182 1874 meum
3225 1798 3420 1898 prius
3472 1798 3663 1873 subi-

618 1926 761 2005 ret,
824 1942 1037 2019 quam
1097 1919 1481 2017 praeclarae
1545 1920 1832 1997 Vestrae
1888 1919 2347 1996 institutionis
2370 1978 2391 2007 ,
2459 1943 2672 2017 quam
2740 1918 2815 1991 in
2872 1918 3196 1995 maximis
3242 1919 3424 1996 vitae
3469 1924 3666 1994 meae

617 2036 1000 2113 commodis
1057 2038 1439 2113 numerabo
1506 2042 1827 2139 semper?
1908 2042 2049 2115 Sed
2116 2040 2295 2115 hanc
2355 2062 2584 2114 meam
2632 2061 2902 2138 nequeo
2942 2039 3336 2139 praedicare
3383 2038 3666 2115 felicita·

618 2164 761 2231 tem
781 2215 804 2244 ‚
868 2156 1041 2255 quin
1110 2157 1321 2233 simul
1382 2159 1661 2235 redeam
1720 2160 1794 2233 in
1856 2160 2261 2235 memoriam
2314 2159 2420 2234 01.
2483 2182 2640 2234 van
2691 2144 3002 2247 Oordt,
3056 2158 3178 2258 qui
3228 2158 3665 2234 Christianae

616 2275 967 2351 Ecclesiae
1022 2283 1093 2351 et
1153 2276 1577 2377 theologicae
1641 2279 2045 2379 disciplinae
2063 2337 2084 2367 ,
2157 2277 2280 2377 qui
2340 2275 2562 2352 Vobis
2615 2300 2894 2375 quoque
2941 2276 3133 2351 haud
3181 2277 3282 2351 ita
3335 2276 3462 2351 diu
3507 2284 3668 2351 ante

618 2392 1062 2470 acerbissima
1122 2402 1343 2469 morte
1412 2401 1691 2495 ereptus
1751 2405 1859 2472 est
1872 2456 1891 2487 ,
1958 2397 2159 2473 cuius
2220 2420 2377 2471 vero
2421 2394 2623 2470 obitu
2673 2394 2996 2494 equidem
3039 2402 3553 2496 praeceptorem
3595 2403 3668 2469 et

617 2514 925 2590 amicum
980 2538 1120 2589 non
1174 2538 1313 2589 uno
1355 2516 1633 2595 nomine
1688 2516 2181 2592 celebrandum
2232 2515 2455 2592 amisi.
2559 2514 2761 2589 Illius
2817 2515 3102 2613 quidem
3153 2516 3486 2590 memoria
3539 2540 3670 2589 nec

618 2630 869 2709 Vestro
928 2634 1163 2709 animo
1224 2660 1559 2733 umquam
1608 2638 1921 2725 excidet,
1968 2662 2199 2737 neque
2242 2662 2376 2737 ego
2417 2636 2532 2736 pie
2581 2635 2758 2712 hanc
2803 2636 3022 2711 colere
3069 2635 3402 2711 desinam.
3507 2637 3670 2714 Quo

620 2752 899 2854 gravius
959 2777 1118 2829 vero
1182 2753 1682 2831 detrimentum
1737 2778 1825 2831 ex
1882 2757 2033 2831 eius
2082 2764 2303 2833 morte
2358 2756 2752 2855 accepimus
2804 2780 3047 2832 omnes
3065 2815 3085 2846 ,
3136 2782 3238 2833 eo-
3265 2756 3490 2857 magis
3533 2756 3670 2833 lae·

620 2882 891 2964 tamur,
956 2880 1105 2951 tam
1160 2874 1300 2949 cari
1361 2876 1607 2975 capitis
1654 2875 2076 2953 desiderium
2119 2876 2429 2952 adventu
2479 2877 2588 2953 01.
2640 2876 3160 2977 Niermeyer
3199 2878 3392 2953 brevi
3441 2877 3670 2952 suble-

620 3001 861 3071 vatum
898 2993 1005 3070 iri.
1106 2993 1321 3070 Hunc
1369 2994 1813 3095 potissimum
1856 2998 1922 3072 ei
1966 3022 2429 3074 successorem
2476 3022 2625 3072 esse
2677 2995 3118 3095 designatum
3139 3055 3160 3086 ,
3210 3023 3451 3072 omnes
3497 3023 3670 3097 gau·

625 3116 833 3204 dent,
898 3113 1157 3215 quibus
1222 3139 1381 3190 vera
1440 3116 1755 3192 doctrina
1811 3142 2017 3193 curae
2068 3125 2213 3192 est:
2267 3141 2498 3216 neque
2549 3117 2802 3215 exigua
2854 3116 3029 3190 mihi
3075 3118 3382 3192 laetandi
3429 3142 3672 3193 caussa

628 3242 735 3309 est
752 3293 773 3322 ‚
822 3235 1011 3334 quod
1064 3234 1187 3310 tali
1232 3235 1495 3335 collega
1541 3239 1647 3312 uti
1696 3237 1870 3312 mihi
1923 3237 2359 3334 concedetur.
2465 3235 2678 3314 Quod
2731 3242 2968 3311 autem
3017 3237 3106 3310 de
3158 3262 3238 3312 eo
3289 3235 3672 3312 certissima

626 3354 1019 3429 coniectura
1068 3378 1415 3452 auguror,
1464 3354 1591 3429 hoc
1631 3355 1719 3430 de
1761 3353 1981 3428 Vobis
2032 3355 2139 3430 01.
2184 3353 2394 3428 Kist
2438 3361 2510 3428 et
2553 3353 3004 3429 Scholtenl
3057 3357 3394 3431 affirmare
3436 3355 3672 3430 nullus

626 3473 873 3549 dubito
886 3507 907 3548 ε
945 3474 1472 3573 praeteritorum
1509 3475 1696 3548 enim
1733 3472 2226 3548 beneficiorum
2261 3471 2640 3547 recordatio
2677 3471 3080 3549 hodiernam
3115 3473 3673 3552 coniunctionem

622 3593 999 3668 firmiorem
1073 3595 1283 3669 simul
1343 3602 1415 3668 et
1480 3593 1958 3670 iucundiorem
2028 3592 2257 3668 efficit.
2376 3593 2533 3667 Etsi
2599 3592 2784 3667 enim
2858 3617 3248 3693 numquam
3320 3595 3673 3671 illucescet

626 3713 774 3788 dies
793 3772 815 3802 ,
882 3738 1106 3812 quum
1166 3739 1279 3789 me
1337 3739 1580 3790 eorum
1612 3739 1819 3812 ·quae
1864 3713 2085 3788 Vobis
2139 3713 2361 3788 debeo
2418 3712 2897 3788 immemorem
2937 3713 3226 3788 videatis
3241 3772 3262 3802 ‚
3312 3722 3674 3816 propterea

624 3856 738 3907 me
798 3855 943 3906 non
1012 3833 1341 3932 opprimit
1376 3833 1733 3933 ‘cogitatio
1751 3891 1772 3922 ,
1834 3832 2025 3932 quod
2093 3833 2219 3932 qui
2276 3833 2467 3907 haud
2518 3832 2620 3908 ita
2676 3833 2946 3930 pridem
2999 3833 3382 3932 discipulus
3427 3834 3674 3908 Vester

626 3950 877 4026 fuerim
899 4009 921 4040 ‚
988 3951 1176 4026 idem
1235 3976 1423 4027 nunc
1485 3953 1706 4028 Vobis
1758 3941 2038 4055 'collega
2102 3952 2481 4052 adiunger:
2551 3951 2712 4026 novi
2757 3953 2982 4041 enim,
3031 3952 3133 4027 nil
3173 3952 3394 4028 Vobis
3437 3951 3674 4029 invitis
3759 3983 3772 3996 ·

627 4069 890 4146 factum
955 4096 1106 4154 esse
1125 4131 1145 4160 ,
1214 4097 1430 4172 quare
1483 4097 1740 4173 magno
1804 4075 2039 4173 potius
2089 4073 2353 4173 gaudio
2407 4070 2662 4147 afficior
2679 4130 2699 4161 ,
2765 4072 3038 4171 quoties
3092 4071 3446 4172 praeteriti
3495 4079 3670 4146 tem-

630 4190 815 4290 poris
885 4199 1123 4290 repeto
1194 4193 1619 4268 memoriam.
1740 4193 1818 4267 Si
1880 4194 2067 4268 enim
2136 4193 2379 4268 eadem
2453 4192 2778 4291 deinceps
2853 4192 3170 4268 incedam
3234 4192 3344 4264 via
3365 4249 3386 4279 ‚
3457 4214 3670 4290 quam

628 4310 773 4384 Vos
836 4311 975 4410 ipsi
1042 4311 1217 4386 mihi
1270 4311 1711 4400 ostendistis;
1782 4313 1843 4386 si
1902 4312 2207 4387 veritatis
2268 4312 2471 4386 unice
2523 4311 2754 4385 studio
2807 4313 3095 4399 ductus,
3144 4311 3324 4386 hanc
3366 4337 3454 4386 ex
3497 4309 3672 4409 ipsis

628 4429 943 4506 fontibus
982 4454 1220 4505 eruere
1267 4439 1339 4505 et
1390 4438 1667 4506 strenue
1710 4431 2053 4506 vindicare
2090 4431 2312 4506 enitar
2328 4464 2349 4519 ;
2403 4430 2463 4505 si
2509 4430 2896 4506 libertatem
2915 4489 2935 4520 ‚
2987 4455 3164 4529 quae
3202 4431 3274 4503 in
3311 4428 3520 4506 Chri
3537 4437 3670 4507 sto

630 4557 738 4624 est
754 4607 777 4638 ,
842 4550 1025 4624 tueri
1094 4551 1686 4649 quemadmodum
1750 4551 1971 4626 Vobis
2027 4551 2125 4628 sic
2188 4550 2402 4639 mihi,
2465 4549 2732 4624 Vestris
2778 4550 3067 4625 instanti
3114 4550 3419 4650 vestigiis
3438 4609 3459 4641 ‚
3509 4558 3671 4627 ante

629 4667 865 4744 omnia
922 4670 1355 4768 propositum
1423 4670 1589 4744 erit:
1659 4671 1904 4748 eodem
1967 4697 2132 4772 ergo
2192 4671 2482 4746 tendent
2526 4670 2890 4746 conamina
2937 4681 3174 4746 nostra
3217 4679 3287 4746 et
3333 4671 3668 4770 optimam

631 4787 721 4862 de
772 4811 1013 4864 eorum
1062 4813 1395 4868 successu
1440 4813 1637 4889 spem
1691 4791 1917 4868 fovere
1966 4791 2145 4868 licet.
2244 4792 2348 4890 At
2393 4788 2616 4868 sentio
2630 4848 2653 4884 ,
2703 4789 2894 4868 haud
2938 4815 3160 4890 pauca
3204 4791 3376 4868 mihi
3424 4791 3664 4867 etiam-
