4766 6034
1895 621 2453 698 ORATIO.
3606 621 3693 696 95

665 839 980 910 vocantes
1008 832 1136 926 ¹³⁷)
1162 889 1184 921 ,
1241 856 1419 932 quae
1459 832 1533 908 in
1579 832 1666 908 iis
1707 837 2043 913 contineri
2089 838 2223 914 sibi
2274 839 2638 914 videantur
2651 892 2672 926 ,
2726 835 2835 914 vel
2880 821 3042 912 cum
3090 859 3435 913 sacrorum
3475 838 3689 914 libro·-

661 979 820 1030 rum
888 953 1112 1030 effatis
1181 955 1416 1031 minus
1472 957 1924 1056 congruentia
1939 1017 1960 1048 ,
2023 959 2131 1034 vel
2196 960 2447 1034 horum
2508 959 2799 1036 modum
2862 959 3295 1048 excedentia,
3372 960 3696 1058 amplecti
3827 1033 3839 1042 ,

663 1085 875 1176 atque
930 1078 1173 1153 docere
1233 1102 1307 1152 se
1355 1101 1558 1177 posse
1601 1086 1862 1178 negent
1884 1137 1904 1168 ‚
1967 1079 2346 1158 dummodo
2398 1080 2782 1180 principem
2826 1080 3026 1154 illum
3074 1081 3305 1155 locum
3351 1103 3492 1155 non
3536 1081 3693 1155 reii-

659 1197 885 1286 ciant,
949 1197 1073 1298 qui
1117 1198 1192 1273 in
1242 1197 1558 1274 Cnmsrr
1599 1206 1670 1274 et
1711 1199 2206 1300 Apostolorum
2252 1201 2564 1278 doctrina
2606 1193 2889 1302 regnat,
2952 1223 3301 1299 quemque
3344 1226 3692 1276 sacrorum

662 1319 1166 1394 Iustam-atores
1223 1343 1263 1392 e
1311 1316 1618 1394 tenebris
1675 1318 1750 1392 in
1813 1319 2040 1396 lucem
2104 1323 2580 1421 protulerunt,
2636 1321 2863 1397 locum
2926 1320 3080 1395 dico
3144 1320 3233 1394 de
3272 1323 3653 1421 Evanqelio
3672 1381 3691 1410 ,

662 1437 737 1511 in
793 1436 986 1512 libris
1033 1461 1124 1512 ss.
1169 1435 1534 1514 nobiscum
1581 1438 2090 1518 communicato
2109 1500 2130 1531 ,
2179 1442 2410 1517 locum
2457 1442 2609 1518 dico
2657 1441 2743 1516 de
2778 1442 2954 1526 Iesu
2987 1441 3318 1515 Cams'ro
3339 1500 3360 1530 ,
3404 1443 3695 1516 Conser-

666 1566 896 1634 vatore
937 1566 1174 1634 nostro
1218 1557 1421 1634 unico
1439 1617 1460 1648 ,
1508 1559 1737 1633 locum
1785 1558 1940 1636 dico
1984 1560 2073 1636 de
2115 1562 2268 1636 Deo
2287 1621 2307 1650 ,
2357 1563 2484 1661 qui
2525 1569 2722 1638 tanto
2766 1561 3113 1645 mundum
3155 1570 3559 1661 prosecutus
3606 1564 3699 1638 sit

668 1701 932 1766 amore,
1001 1682 1084 1750 ut
1149 1675 1522 1776 unigenam
1583 1701 1792 1753 suum
1849 1679 2110 1755 Filium
2179 1679 2485 1770 dederit,
2554 1681 2647 1758 ad
2702 1681 3077 1781 unicuique
3097 1735 3118 1774 ,
3174 1683 3389 1758 fidem
3430 1683 3533 1758 illi
3575 1685 3696 1759 ha-

627 1830 635 1837 ’
671 1796 865 1872 benti
884 1855 904 1885 ,
963 1805 1317 1872 aeternam
1365 1796 1578 1872 vitam
1621 1797 2264 1900 beatitudinemque
2308 1801 2705 1878 donandam
2732 1803 2861 1894 ¹³⁸)
2892 1861 2913 1890 ‚
2960 1801 3106 1890 vel,
3150 1802 3301 1877 aliis
3348 1803 3571 1879 verbis
3608 1804 3699 1879 ad

675 1917 968 1992 eandem
1013 1941 1162 1992 rem
1209 1918 1729 2017 exprimendam
1775 1919 2108 1996 adhibitis
2128 1980 2149 2010 ,
2193 1922 2425 1997 locum
2466 1922 2555 1996 de
2595 1923 2749 1997 Deo
2776 1981 2795 2010 ‚
2840 1923 3055 2021 gratis
3079 1946 3205 2000 nos
3226 1922 3453 2022 justos
3476 1923 3697 1999 decla—

667 2044 900 2125 rante,
945 2045 1016 2112 et
1057 2047 1140 2112 ut
1185 2037 1408 2114 iustos
1449 2045 1786 2114 tractante
1810 2099 1831 2129 ,
1880 2050 2226 2142 quotquot
2271 2042 2413 2119 fide
2455 2067 2619 2119 cum
2665 2042 2999 2118 Cnms'ro
3044 2043 3271 2142 juncti
3296 2045 3515 2120 simus
3542 2045 3697 2138 ¹³⁰).

765 2279 904 2352 Sed
949 2278 1136 2354 dicat
1181 2277 1358 2352 forte
1402 2278 1598 2377 quis:
1653 2279 1828 2378 quid
1873 2279 2188 2379 proficies
2206 2340 2227 2369 ,
2283 2281 2375 2356 ad
2421 2280 2749 2356 Codicem
2799 2283 2871 2356 S.
2906 2291 3266 2382 tamquam
3309 2284 3571 2361 fontem
3595 2344 3629 2374 „
3662 2311 3701 2360 e

664 2423 804 2500 quo
871 2398 1337 2475 hauriendum
1399 2398 1490 2474 sit
1544 2397 1710 2474 fidei
1751 2399 2099 2476 obiectum
2121 2460 2140 2488 ,
2205 2399 2531 2478 continue
2591 2403 3085 2478 recurrendum
3134 2429 3285 2480 esse
3330 2409 3699 2481 statuens?

661 2520 778 2596 An
826 2519 959 2595 tibi
1006 2519 1325 2619 ignotum
1373 2526 1482 2594 est
1529 2517 1970 2596 verissimum
2017 2520 2195 2596 iuud
2245 2544 2747 2598 wnnunrnnsn
2794 2524 3259 2624 epigrammaz

1304 2663 1420 2724 Hic
1457 2663 1600 2724 liber
1641 2669 1726 2724 est
1739 2709 1757 2738 ,
1797 2663 1858 2724 in
1899 2685 2008 2746 quo
2049 2685 2148 2728 sua
2187 2667 2403 2748 quaerit
2444 2666 2706 2745 dogmata
2744 2667 2975 2749 quisque
2994 2714 3008 2741 ,

1381 2766 1608 2828 Invenit
1649 2772 1706 2827 et
1745 2767 1951 2849 pariter
1989 2769 2254 2848 dogmata
2291 2770 2523 2851 quisque
2564 2791 2659 2832 sua
2675 2769 2819 2847 ¹⁴⁰1?

757 2888 1174 2988 Respondeo
1215 2913 1378 2964 cum
1424 2889 2000 2968 Cflarsos'rono:
2053 2895 2309 2972 πάντα
2345 2895 2446 2971 τα
2485 2894 2891 2995 ἀναγκαῖα
2932 2893 3126 2988 δῆλα
3156 2897 3317 2988 ¹⁴¹).
3396 2895 3703 2972 Dissidia

658 3017 896 3086 autem
935 3009 1072 3086 ista
1108 3008 1530 3111 deploranda
1551 3066 1572 3101 ,
1599 3036 1778 3111 quae
1801 3013 1994 3089 fuere
2021 3023 2092 3090 et
2115 3015 2344 3092 adhuc
2373 3015 2635 3091 suntin
2665 3016 2972 3091 Ecclesia
2989 3075 3010 3105 ,
3042 3041 3369 3116 magnam
3394 3025 3661 3116 partem
3682 3077 3701 3107 ‚

661 3130 949 3207 diversis
994 3130 1379 3207 multorum
1412 3132 1790 3211 tribuenda
1819 3144 1984 3209 sunt
2009 3136 2260 3211 studiis
2283 3137 2358 3213 in
2381 3137 2717 3213 altissima
2738 3145 2809 3213 et
2838 3138 3353 3214 abstrusissima
3381 3163 3703 3237 quaequa

658 3252 1068 3351 penetrandi
1088 3311 1106 3340 ,
1155 3259 1368 3351 atque
1409 3252 1835 3353 explicandi,
1885 3280 2063 3355 quae
2115 3257 2453 3357 explicata
2500 3283 2639 3333 non
2690 3265 2855 3333 sunt
2902 3258 2976 3332 in
3032 3258 3223 3333 libris
3271 3283 3360 3333 aa.
3378 3317 3397 3347 ,
3442 3259 3701 3359 quippe

655 3382 936 3472 captum
1003 3380 1320 3447 nostrum
1385 3374 1822 3472 superantia:
1894 3401 2053 3475 quo·
2083 3376 2347 3453 factum
2394 3386 2535 3467 est,
2608 3385 2685 3453 ut
2743 3377 2818 3452 hi
2868 3380 2958 3454 ad
3010 3379 3356 3454 Sanum
3376 3437 3395 3467 ,
3458 3379 3558 3453 illi
3610 3378 3701 3454 ad

655 3496 836 3568 Anu
854 3552 874 3580 ,
923 3492 1042 3567 alii
1087 3494 1178 3567 ad
1220 3493 1390 3567 alios
1438 3492 1742 3595 prolapsi
1803 3496 2062 3572 fuerint
2124 3522 2404 3575 errores.
2506 3499 2859 3574 Praeclare
2898 3502 3415 3575 Mnnawmors:
3477 3499 3699 3575 nbone

665 3613 974 3701 uDeus'’,
1039 3611 1306 3711 inquit,
1383 3613 1668 3712 aquales
1711 3618 2100 3716 tragoedias
2155 3618 2483 3694 excitabit
2535 3620 2703 3694 haec
2748 3621 3061 3720 quaestio
3104 3621 3195 3697 ad
3235 3628 3579 3720 posteros:
3632 3622 3711 3698 εἰ

669 3735 930 3810 πῖστιν
987 3735 1412 3821 ὑπόστασις
1460 3736 1504 3809 ὁ
1565 3738 1870 3836 Λόγος,
1935 3737 2012 3813 εἰ
2050 3739 2263 3815 ἔστιν
2315 3740 2745 3824 ὑπόστασις
2788 3740 2881 3813 τὸ
2924 3743 3253 3831 Πνεῦμα
3266 3764 3304 3829 ,·
3336 3834 3345 3844 .
3373 3740 3527 3838 Ego
3590 3765 3701 3813 me

667 3854 925 3927 arefero
976 3853 1068 3927 ad
1115 3854 1266 3928 illas
1321 3854 1714 3953 Scripturae
1767 3881 2002 3944 voceS,
2054 3883 2232 3956 quae
2279 3859 2526 3933 iubent
2570 3858 2882 3933 invocare
2927 3858 3279 3936 Christum
3302 3915 3321 3945 ,
3372 3860 3560 3956 quod
3596 3874 3703 3933 est

668 4004 700 4041 a
709 3974 773 4046 ei
817 3974 1143 4047 honorem
1194 3973 1573 4049 divinitatis
1623 3976 1925 4050 tribuere
1947 4036 1966 4065 ,
2017 3986 2096 4051 et
2131 3979 2416 4077 plenum
2462 3977 2949 4051 consolationis
2994 3985 3139 4051 est:
3190 3979 3337 4064 τάς
3373 4007 3455 4053 τε
3485 3976 3697 4065 ἰδίας

659 4105 814 4169 τῶν
869 4094 1351 4172 ὑποστάσεων
1398 4098 1539 4171 καὶ
1585 4094 1968 4197 διάφορας
2015 4096 2372 4199 ἀκριβῶς
2422 4102 2677 4189 ζητεῖν
2718 4099 2809 4172 ου’
2854 4097 3056 4173 πάνυ
3097 4099 3508 4197 συμφε’ρει”
3538 4100 3693 4191 ¹⁴²).

661 4218 756 4291 Et
800 4216 1010 4291 alibi:
1081 4216 1462 4315 nMysteria
1509 4217 1890 4293 divinitatis
1940 4219 2192 4293 rectius
2239 4218 2781 4305 adoraverimus,
2831 4240 3041 4316 quam
3092 4218 3691 4318 vestigaverimus:

669 4336 854 4409 nimo
893 4334 1039 4408 sine
1093 4358 1348 4434 magno
1395 4335 1698 4435 periculo
1732 4336 1986 4412 tentari
2027 4360 2168 4411 non
2211 4343 2504 4436 possunt
2513 4370 2532 4424 3
2583 4336 2660 4409 id
2701 4337 2891 4436 quod
2928 4362 3068 4412 non
3114 4362 3267 4412 raro
3318 4338 3536 4413 sancti
3572 4330 3698 4411 viri

669 4457 922 4531 uetiam
993 4463 1162 4531 sunt
1205 4448 1529 4556 'experti''
1579 4457 1738 4549 ¹⁴³).
1836 4458 2050 4538 Quod
2109 4466 2343 4533 tamen
2414 4480 2555 4531 non
2614 4456 2712 4530 ita
2758 4457 3235 4556 accipiendum
3286 4465 3430 4545 est,
3498 4484 3579 4533 ac
3638 4460 3698 4532 si

663 4576 1139 4651 damnandum
1203 4576 1378 4651 foret
1434 4576 1710 4652 illorum
1771 4578 2084 4653 studium
2106 4635 2127 4667 ,
2192 4578 2313 4678 qui
2373 4578 2586 4653 fidem
2634 4578 2727 4651 ad
2771 4576 3198 4652 intellectum
3248 4577 3533 4652 evehere
3582 4604 3693 4653 co-

663 4706 950 4786 nentur-3
1000 4720 1163 4771 nam
1206 4697 1410 4771 sicuti
1447 4696 1522 4771 in
1571 4720 1801 4773 rerum
1841 4707 2090 4804 natura
2113 4757 2132 4787 ‚
2182 4698 2281 4773 ita
2317 4705 2389 4773 et
2434 4699 2507 4772 in
2556 4698 2749 4773 libris
2795 4722 2886 4772 ss.
2933 4698 3460 4797 patefactionem
3496 4722 3695 4773 suam

664 4819 858 4893 Deus
913 4816 1277 4893 nobiscum
1328 4818 1897 4908 communicavit,
1951 4826 2032 4893 ut
2073 4844 2226 4897 eam
2271 4820 2922 4920 contemplaremur,
2972 4826 3045 4893 et
3078 4820 3309 4917 quoad
3350 4819 3501 4894 eius
3546 4820 3694 4893 fieri
