4766 6034
1773 654 2334 725 ORATIO.
3446 644 3575 720 199

537 868 710 943 vitae
760 870 866 941 est
884 925 904 954 ,
955 866 1283 964 quodque
1322 863 1638 939 omnium
1679 866 1980 943 maxime
2023 872 2342 966 exoptat,
2392 854 2795 939 huiusmodi
2840 868 2985 951 est,
3037 869 3119 937 ut
3166 886 3251 937 ex
3300 862 3571 961 generis

537 986 824 1063 humani
885 985 1464 1085 contemplatione
1531 984 1959 1085 intelligatur
1979 1044 2000 1077 ,
2073 1010 2417 1086 quaenam
2481 1007 2603 1081 per
2666 981 2987 1082 gentium
3052 989 3125 1057 et
3184 982 3577 1059 seculorum

533 1131 814 1183 cursum
871 1106 1056 1182 facta
1123 1106 1216 1181 sit
1271 1105 1362 1181 ad
1419 1106 1926 1183 humanitatem
1981 1106 2404 1207 progressi03
2466 1102 2651 1177 unde
2670 1160 2691 1190 ,
2740 1126 2951 1201 quem
2999 1103 3229 1178 cultus
3278 1102 3577 1202 gradum

535 1252 658 1302 nos
705 1227 846 1327 ipsi
883 1234 1244 1303 teneamus
1264 1285 1285 1316 ,
1333 1226 1508 1325 quid
1551 1226 1761 1302 aetati
1801 1234 2076 1303 nostrae
2127 1227 2308 1302 desit
2351 1246 2703 1325 quareque
2736 1221 2913 1297 illud
2954 1222 3169 1310 desit,
3218 1222 3579 1321 perspicue

535 1347 888 1423 efficiatur.
987 1349 1252 1422 Dicunt
1309 1347 1656 1447 sapientes
1675 1406 1694 1437 ,
1759 1348 2226 1449 cognitionem
2295 1346 2409 1421 sui
2462 1344 2555 1420 ad
2605 1341 2783 1417 vires
2830 1340 3289 1417 intendendas
3332 1341 3577 1417 stimu-

533 1468 690 1541 lare.
791 1467 1042 1564 Itaque
1062 1523 1080 1552 ,
1147 1465 1276 1541 hac
1343 1472 1580 1565 parata
1595 1522 1616 1553 ,
1685 1490 1826 1541 non
1897 1467 2409 1566 desperandum
2465 1463 2609 1538 fore
2668 1467 2783 1549 ut,
2844 1461 3073 1537 missis
3118 1462 3203 1536 iis
3223 1520 3243 1549 ,
3310 1487 3489 1560 quae
3538 1490 3581 1537 a

533 1594 729 1685 tergo
793 1592 960 1659 sunt
981 1642 1003 1672 ,
1066 1583 1141 1658 in
1206 1610 1288 1660 ea
1353 1585 1786 1661 constantius
1838 1586 2296 1686 prospiciatur
2313 1642 2334 1675 ,
2405 1608 2584 1684 quae
2646 1587 2813 1657 sunt
2874 1606 2917 1656 a
2967 1582 3192 1657 fronte
3212 1640 3233 1671 ,
3294 1583 3353 1657 si
3408 1582 3579 1657 forte

531 1702 878 1779 collineari
923 1702 1162 1803 possit.

623 1944 873 2019 Finem
935 1940 1266 2017 orationis
1315 1942 1650 2042 cogitanti
1667 2002 1688 2033 ,
1738 1946 1930 2021 velut
1975 1944 2206 2021 frenos
2247 1942 2422 2019 mihi
2468 1942 2657 2019 iniici
2699 1943 2943 2019 sentio.
3042 1945 3369 2043 Agnosco
3420 1968 3537 2020 eos
3558 2002 3579 2031 ,

529 2064 650 2163 qui
709 2088 754 2139 a
797 2062 1243 2161 Philosophia
1283 2060 1636 2139 Historiae
1683 2088 1958 2139 summa
1999 2063 2234 2140 omnia
2280 2069 2727 2161 exspectant,
2778 2070 2849 2137 et
2896 2086 3013 2137 eos
3036 2120 3057 2151 ,
3108 2062 3367 2161 quibus
3416 2086 3577 2137 con·

525 2183 1047 2283 templationem
1085 2182 1438 2259 Historiae
1484 2184 1576 2260 ad
1619 2184 2024 2285 religionem
2074 2183 2537 2259 Christianam
2583 2206 2897 2257 revocare
2940 2182 3185 2281 placet.
3288 2183 3541 2259 Neutri
3558 2240 3577 2271 ,

529 2330 599 2380 se
645 2304 924 2379 silentio
961 2304 1461 2403 praetermissis
1480 2363 1501 2394 ,
1563 2305 1890 2379 orationis
1931 2328 2214 2379 cursum
2263 2302 2509 2378 confici
2561 2300 3001 2389 existimant,
3054 2302 3331 2399 utrique
3352 2360 3371 2391 ,
3422 2302 3576 2401 plu·

523 2426 783 2499 rimum
826 2425 1353 2513 dissentientes,
1403 2427 1843 2501 consentiunt
1885 2425 1960 2500 in
2012 2435 2272 2512 vestra,
2321 2424 2413 2499 A.
2436 2423 2525 2497 A.
2547 2479 2568 2509 ,
2618 2420 2953 2520 patientia
2998 2422 3351 2497 tentanda.

619 2545 866 2619 Nostis
915 2544 1004 2619 de
1059 2543 1400 2619 sententia
1463 2546 1845 2621 multorum
1871 2603 1890 2633 ‚
1957 2545 2082 2645 qui
2136 2542 2655 2642 Philosophiam
2698 2540 3052 2617 Historiae
3107 2542 3577 2631 celebrarunt,

525 2664 933 2740 enitendum
981 2689 1132 2740 esse
1150 2722 1171 2753 ,
1233 2672 1317 2741 ut
1368 2690 1456 2741 ex
1501 2664 1824 2766 gentium
1867 2665 2080 2741 rebus
2133 2664 2308 2741 ratio
2356 2663 2812 2765 perspiciatur
2859 2672 3083 2741 certae
3130 2664 3316 2741 illius
3364 2665 3537 2765 legis
3558 2680 3581 2754 ‚'

525 2810 662 2885 qua
712 2810 950 2875 mens,
1000 2784 1074 2858 in
1119 2784 1432 2861 Historia
1469 2810 1610 2863 non
1658 2786 1894 2862 minus
1937 2812 2148 2888 quam
2199 2786 2274 2863 in
2311 2785 2579 2861 mundo
2626 2783 2997 2884 conspicua
3016 2842 3035 2873 ‚
3085 2810 3193 2861 res
3236 2786 3579 2861 humanas

522 2906 888 3005 gubernet.
991 2904 1363 2984 Quomodo
1430 2905 1600 2982 haec
1669 2900 2014 2985 sententia
2065 2908 2140 2983 in
2200 2906 2485 3006 Hegelii
2544 2906 2775 2983 schola
2821 2906 3223 3007 diligentius
3266 2909 3577 3007 exposita

523 3027 610 3101 sit
627 3085 648 3116 ,
695 3027 942 3126 ibique
981 3025 1180 3100 finita
1223 3026 1606 3102 concientia
1647 3029 1760 3102 sui
1803 3030 2088 3104 tollatur
2127 3037 2198 3103 et
2247 3025 2565 3102 absoluta
2609 3026 2963 3128 cogitandi
3003 3027 3105 3101 vis
3146 3052 3381 3127 regere
3420 3037 3574 3104 tum

521 3147 956 3248 singulorum
1014 3154 1170 3221 tum
1223 3147 1498 3247 generis
1554 3148 1846 3224 humani
1901 3149 2112 3224 vitam
2171 3156 2535 3222 censeatur
2553 3204 2572 3235 ,
2641 3171 2828 3220 nunc
2876 3146 3145 3222 tradere
3196 3171 3336 3221 non
3386 3147 3567 3224 licet.

523 3266 790 3342 Verum
847 3267 1026 3342 illud
1079 3267 1284 3342 nobis
1353 3266 2046 3342 animadvertendum
2107 3271 2214 3341 est
2228 3320 2250 3355 ,
2311 3262 2660 3339 iudicibus
2718 3263 3071 3340 nonnullis
3126 3289 3365 3341 eorum
3379 3324 3400 3355 ,
3446 3269 3575 3366 qui

521 3386 810 3488 Hegelii
855 3387 1150 3463 decretis
1197 3386 1622 3487 explicandis
1663 3394 1736 3462 et
1773 3385 2198 3488 corrigendis
2231 3385 2661 3492 delectantur
2680 3441 2701 3472 ,
2748 3382 2913 3459 inde
2953 3408 3095 3460 non
3133 3386 3340 3461 modo
3377 3411 3571 3487 prae·

515 3507 884 3582 teritorum
947 3507 1478 3608 intelligentiam
1545 3505 1846 3608 pendere
1867 3565 1888 3598 ,
1959 3508 2082 3582 sed
2151 3506 2551 3582 futurorum
2618 3503 2831 3580 etiam
2908 3527 3048 3580 non
3109 3505 3573 3604 suspicionem

515 3625 637 3699 sed
703 3624 1070 3701 scientiam
1137 3626 1317 3704 oriri.
1417 3625 1814 3727 Perspicitis
1835 3683 1856 3714 ,
1921 3624 2038 3700 hic
2093 3649 2236 3701 non
2293 3623 2589 3724 spectari
2636 3632 2899 3701 arctam
2945 3625 3133 3702 illam
3178 3635 3573 3726 temporum

513 3745 1104 3820 necessitudinem
1175 3771 1262 3820 ex
1329 3771 1560 3822 rerum
1624 3746 2130 3845 hominumque
2185 3753 2437 3822 natura
2498 3753 2720 3822 ortam
2741 3804 2760 3835 ‚
2826 3771 3039 3847 quam
3094 3746 3571 3846 pulcherrimis

517 3862 825 3938 declares
894 3862 1420 3962 Wyttenbachii
1485 3863 1748 3939 verbis:
1831 3893 1869 3934 n
1887 3888 2210 3964 praesens
2275 3872 2467 3941 aetas
2540 3866 2839 3966 parturit
2899 3868 3246 3945 futuram:
3322 3895 3569 3948 causae

519 4005 756 4058 rerum
779 4039 802 4071 ‚
872 4006 1052 4080 quae
1111 3983 1486 4082 aliquando
1551 3984 1765 4073 fient,
1829 3984 1970 4060 iam
2032 4007 2291 4084 magna
2351 4009 2441 4060 ex
2497 3993 2695 4086 parte
2737 4011 2927 4062 nunc
2970 3988 3265 4079 adsunt,
3314 4000 3567 4069 coeunt

519 4099 862 4198 paulatim
881 4156 902 4187 ,
967 4099 1188 4176 donec
1242 4101 1490 4177 ultima
1546 4101 1861 4202 quamvis
1919 4102 2172 4203 exigua
2229 4103 2597 4180 accedente
2617 4165 2638 4194 ,
2702 4131 3073 4182 numerus·
3102 4133 3565 4210 mensuraque

516 4243 760 4293 earum
829 4218 1180 4316 expletur,
1247 4228 1320 4296 et
1381 4219 1668 4298 effectus
1721 4222 1797 4298 in
1855 4225 2082 4299 lucem
2137 4223 2453 4322 proditur
2496 4226 2633 4317 ¹).”
2732 4227 2875 4302 Sed
2936 4228 3108 4326 qnid
3172 4237 3520 4328 spectetur
3543 4287 3561 4317 ,

515 4335 827 4412 Cuvierii
886 4336 961 4410 in
1022 4337 1155 4414 alia
1199 4339 1510 4416 doctrina
1551 4340 1866 4440 exemplo
1920 4341 2323 4416 declaratur.
2426 4342 2608 4418 Acer
2656 4345 2771 4420 ille
2818 4354 2889 4420 et
2934 4347 3227 4446 diligens
3272 4356 3559 4424 naturae

512 4456 970 4556 investigator
1035 4457 1134 4534 sic
1203 4467 1274 4534 et
1336 4459 1526 4560 leges
1598 4461 1946 4562 perspexit
2012 4459 2479 4536 fabricationis
2548 4463 2949 4540 animalium
3015 4472 3085 4540 et
3149 4491 3265 4542 eas
3284 4525 3303 4556 ,
3382 4493 3558 4568 quae

513 4577 903 4652 necessario
953 4602 1094 4654 una
1136 4579 1408 4670 adsint,
1468 4582 1724 4658 formas
1769 4581 2036 4672 tenuit,
2103 4589 2184 4656 ut
2231 4607 2320 4658 ex
2364 4582 2605 4682 paucis
2656 4585 2917 4661 ossium
2961 4586 3366 4688 fragmentis
3408 4593 3554 4668 ani·

597 4823 648 4903 ¹)
717 4826 862 4886 Vita
900 4829 1119 4889 Ruhnk.
1157 4827 1218 4889 in
1261 4827 1548 4907 wyttenb.
1593 4831 1794 4909 opusc.
1835 4833 1904 4892 Τ.
1951 4833 2016 4906 l,
2059 4852 2114 4913 p.
2159 4837 2294 4897 527.
