4766 6034
1854 664 2414 734 ORATIO.
3530 665 3654 731 189

709 871 951 947 Huius
999 870 1435 971 παῤῥησίας
1486 871 1625 947 vim
1676 873 1981 971 primum
2026 874 2347 974 cognovit
2390 873 2639 949 veteris
2683 872 2834 971 aevi
2875 874 3316 972 maximeque
3366 872 3662 949 civitatis

610 990 970 1065 Romanae
1013 989 1346 1063 memoria
1365 1047 1385 1078 ,
1422 988 1637 1089 inque
1668 993 2033 1067 acerrimos
2062 994 2249 1091 illius
2277 992 2584 1068 vindices
2614 994 2860 1068 merito
2887 993 3180 1069 refertur
3203 993 3659 1068 NiebuhriuS.

611 1110 829 1190 Quod
898 1108 1158 1183 dicenti
1226 1107 1398 1183 mihi
1466 1109 1635 1184 haec
1703 1110 1777 1185 in
1844 1122 2153 1189 mentem
2211 1112 2501 1189 veniunt
2560 1120 2921 1213 tamquam
2983 1119 3311 1189 extrema.
3414 1114 3662 1189 Seculo

610 1231 862 1329 quinto
918 1230 1187 1303 decimo
1244 1229 1664 1306 Laurentius
1715 1230 1948 1343 Valla,
1997 1234 2243 1309 aetatis
2288 1258 2452 1309 suae
2499 1233 2710 1308 decus
2751 1240 2820 1307 et
2865 1241 3387 1323 ornamentum,
3437 1259 3662 1332 quum
3803 1216 3811 1226 ⁸

610 1352 893 1427 Livium
952 1350 1027 1424 in
1075 1348 1603 1448 Tarquiniorum
1656 1354 2057 1454 genealogia
2109 1379 2344 1430 secum
2380 1354 2613 1453 ipsum
2657 1377 2971 1453 pugnare
3015 1352 3422 1445 contendat,
3473 1353 3664 1453 apud

608 1472 1025 1546 Pontificem
1067 1471 1465 1545 Romanum
1506 1471 2041 1567 Βλασφημίας
2089 1472 2163 1546 in
2206 1470 2486 1547 Livium
2529 1480 2890 1547 accusatur
2938 1473 3022 1565 ¹).
3122 1474 3380 1546 Nostro
3433 1472 3664 1549 seculo

608 1590 1051 1665 Niebuhrius
1113 1588 1559 1665 Livianarum
1616 1598 2137 1691 ceterarumque
2193 1592 2281 1666 de
2319 1592 2546 1692 prisca
2582 1593 2808 1668 Roma
2852 1592 3321 1667 narrationum
3361 1599 3665 1693 stragem

610 1711 831 1787 edens
878 1734 1268 1807 novamque
1303 1708 1598 1786 civitatis
1644 1710 2001 1787 Romanae
2044 1710 2422 1812 imaginem
2463 1712 2864 1812 excogitans
2880 1771 2900 1801 ,
2949 1736 3087 1787 non
3129 1712 3414 1810 quidem
3454 1737 3662 1812 prop·-

606 1842 803 1907 terea
860 1855 1068 1905 omne
1130 1837 1473 1929 punctum
1532 1829 1665 1905 fert
1683 1890 1703 1920 ‚
1766 1833 1923 1922 sed,
1990 1858 2203 1932 quam
2249 1833 2344 1909 in'
2372 1832 2750 1909 clarissima
2803 1834 2957 1908 luce
3003 1833 3202 1933 ponit
3252 1832 3340 1907 de
3393 1834 3662 1908 Romae

608 1952 777 2026 fatis
838 1950 1219 2049 quaerendi
1288 1949 1797 2051 dubitandique
1861 1952 2251 2029 libertatem
2309 1961 2381 2029 et
2443 1954 2924 2030 necessitatem
2949 2012 2969 2043 ,
3033 1954 3213 2028 hanc
3265 1953 3668 2052 intelligunt

610 2070 1039 2170 penitusque
1081 2067 1399 2155 sentiunt
1452 2068 1797 2145 erectioris
1836 2069 2089 2146 indolis
2131 2072 2477 2162 historici,
2547 2073 2899 2173 iidemque
2934 2072 3470 2173 praecipientem
3513 2098 3669 2173 pro-

610 2190 789 2265 bant
840 2190 983 2264 nde
1033 2187 1419 2289 perspicuis
1466 2212 1594 2264 nec
1642 2214 1873 2265 rerum
1913 2190 2416 2291 hominumque
2469 2200 2757 2268 naturae
2809 2176 3190 2268 contrariis'
3206 2174 3521 2268 veterum
3563 2192 3667 2267 in-

614 2309 1027 2383 stitutorum
1070 2306 1472 2382 notionibus
1510 2308 1745 2385 animo
1788 2310 2398 2410 complectendis.''
2494 2311 2758 2387 Verum
2799 2295 3030 2388 secula
3073 2313 3254 2388 inter
3293 2320 3670 2412 utrumque

611 2427 847 2503 media
871 2485 891 2516 ,
942 2427 1055 2501 vel
1106 2426 1319 2501 etiam
1358 2434 1673 2527 tempora
1721 2428 1810 2505 ab
1856 2437 2081 2505 aetate
2116 2439 2353 2507 nostra
2400 2417 2633 2507 minus
2676 2441 2979 2522 remota,
3029 2433 3292 2508 nihilne
3321 2434 3667 2521 tulerunt,

611 2573 757 2647 quo
798 2547 894 2623 ad
940 2548 1423 2621 necessitatem
1460 2548 1652 2622 illam
1689 2547 2064 2646 aliquando
2099 2550 2609 2649 agnoscendam
2651 2552 2937 2651 propius
2967 2552 3452 2628 accederetur?
3513 2554 3674 2629 Hoc
3785 2591 3802 2665 '.

614 2668 854 2743 credat
875 2727 897 2757 ,
944 2668 1062 2743 cui
1111 2668 1334 2768 ignoti
1383 2676 1549 2742 sunt
1586 2668 2007 2758 Glareanus,
2059 2669 2424 2746 Cluverius
2443 2730 2464 2761 ,
2513 2672 2901 2749 Bochartus
2949 2681 3022 2748 et
3073 2698 3232 2749 vero
3275 2673 3673 2749 Perizonius

610 2798 887 2865 nostras
909 2846 931 2876 ,
982 2795 1403 2887 augurantes
1454 2794 1637 2862 certe
1683 2787 2055 2865 dubitandi
2107 2789 2196 2864 de
2236 2789 2347 2866 his
2395 2791 2606 2867 rebus
2657 2792 3173 2870 salubritatem:
3227 2794 3504 2883 credat,
3548 2796 3677 2894 qui

612 2909 849 3007 Baylii
871 2968 891 2997 ‚
954 2907 1239 2983 Viconis
1258 2966 1278 2997 ,
1336 2908 1719 2982 Beaufortii
1736 2967 1757 2997 ,
1808 2911 2115 2986 multum
2156 2910 2318 2986 licet
2366 2912 2551 2987 inter
2597 2937 2671 2987 se
2717 2912 2985 2988 diversa
3001 2971 3022 3001 ,
3071 2914 3325 3015 placita
3373 2939 3513 2990 non
3553 2942 3673 2989 ex-

611 3029 915 3131 ploravit
978 3029 1273 3128 ideoque
1342 3028 1711 3127 superioris
1770 3029 2318 3130 investigationis
2365 3032 2506 3106 vim
2557 3033 2631 3106 in
2677 3034 3062 3132 Fergusoni
3077 3093 3098 3124 ,
3149 3036 3223 3108 in
3267 3036 3633 3134 Levesquii
3651 3096 3672 3126 ,

615 3154 690 3225 in
758 3150 1057 3225 aliorum
1128 3149 1401 3248 scriptis
1454 3148 1796 3248 neglexit:
1848 3150 2121 3240 credat,
2173 3153 2297 3252 qui
2333 3152 2574 3227 Wolffi
2614 3139 3112 3252 Prolegomena
3157 3155 3230 3229 in
3279 3156 3670 3230 Homerum

612 3281 687 3346 et
751 3269 1027 3345 Kantii.
1069 3269 1580 3368 philosophiam
1641 3269 1815 3344 nihil
1872 3269 2259 3369 quidquam
2318 3272 2743 3348 continuisse
2800 3275 3189 3382 suspicatur
3239 3275 3334 3350 ad
3381 3274 3631 3350 criseos
3651 3335 3671 3366 ,

614 3416 799 3490 quae
852 3388 1201 3478 instabat,
1249 3389 1661 3489 gravitatem
1698 3390 2341 3469 commendandam.
2410 3392 2726 3468 Profecto
2760 3418 2900 3470 non
2946 3395 3316 3470 defuerunt
3355 3420 3635 3495 prorsus
3653 3455 3674 3484 ,

614 3535 800 3610 quae
868 3497 1401 3584 exellentissimo
1462 3508 1836 3583 Niebuhrii
1900 3510 2181 3610 ingenio
2225 3512 2670 3612 prodessent,
2720 3514 3036 3614 exempla
3077 3521 3148 3590 et
3197 3516 3500 3604 monita3
3551 3514 3670 3591 ha-

614 3627 932 3703 buerunt
994 3626 1145 3701 eius
1207 3628 1530 3727 aequales
1550 3687 1571 3716 ,
1633 3652 1927 3726 quorum
1981 3629 2449 3730 disputatione
2491 3634 2896 3710 meditanda
2937 3643 3250 3710 mentem
3293 3636 3428 3735 ipsi
3475 3661 3673 3711 suam

494 3769 503 3776 ·
617 3747 1091 3824 stimularent.
1124 3754 1195 3821 et
1255 3747 1635 3846 erigerent,
1700 3757 1819 3836 ut,
1885 3751 2074 3849 quod
2123 3751 2198 3825 in
2246 3751 2437 3827 illius
2482 3778 2691 3853 opere
2742 3755 3222 3856 gravissimum
3271 3763 3453 3830 esset
3473 3814 3492 3845 ‚
3544 3757 3673 3832 hoc

615 3866 987 3968 paullatim
1058 3874 1131 3941 et
1196 3866 1776 3966 amplecterentur
1842 3878 1913 3944 et
1979 3871 2115 3947 alio
2180 3871 2629 3949 transferrent
2695 3883 2766 3950 et
2817 3876 3126 3952 docendo
3173 3875 3674 3976 scribendoque

618 3987 1211 4064 commendarent.
1316 3986 1430 4063 Sic
1490 4013 1537 4063 a
1598 3986 1931 4063 tenuibus
1998 3988 2217 4064 initiis
2277 3986 2512 4067 ort'um
2566 4001 2638 4067 et
2705 3993 2893 4070 lento
2956 3996 3216 4094 gradu,
3278 4003 3359 4069 ut
3396 3995 3547 4070 fieri
3598 3995 3673 4070 in

618 4107 855 4183 causis
918 4105 1347 4204 gravioribus
1414 4107 1625 4195 solet,
1695 4129 2137 4207 progressum
2198 4108 2375 4184 illud
2443 4117 2549 4186 est
2571 4169 2592 4200 ,
2655 4114 2845 4210 quod
2892 4114 3175 4190 tandem
3224 4115 3378 4214 ipso
3425 4115 3671 4189 aetatis

618 4231 903 4302 nostrae
979 4224 1238 4300 iudicio
1308 4226 1683 4302 fulciretur.
1800 4228 1909 4302 Ex
1983 4253 2065 4302 eo
2133 4236 2451 4327 tempore
2520 4231 2592 4304 in
2662 4235 2884 4308 varios
2952 4221 3276 4309 historiae
3346 4234 3672 4331 antiquae

616 4347 811 4422 locos
865 4344 1270 4444 singillatim
1316 4346 1663 4446 inquirere
1685 4405 1706 4435 ‚
1758 4354 2066 4422 veterum
2106 4346 2429 4423 historiae
2481 4349 2880 4428 scribendae
2921 4377 3236 4428 normam
3276 4351 3669 4430 acutissime

512 4447 531 4457 ’
615 4466 959 4566 indagare
977 4522 998 4554 ,
1066 4471 1298 4564 petere
1364 4465 1455 4540 ab
1520 4466 1607 4542 iis
1670 4490 1973 4542 severam
2022 4466 2404 4544 sententiae
2449 4469 2788 4548 rationem
2837 4496 3215 4574 eorumque
3264 4480 3672 4573 argumenta

708 4739 763 4820 ¹)
821 4740 1019 4801 Vallae
1052 4743 1383 4817 Luc-abrai„
1425 4764 1484 4826 p.
1525 4749 1675 4818 404,
1718 4746 1941 4827 eiusque
1981 4747 2149 4826 Βίῳ.
2190 4749 2269 4810 ad
2303 4749 2642 4830 Aquam-sm
2681 4767 2888 4826 regma,
2929 4751 2996 4813 de
3031 4749 3380 4829 Tarquiniis,
3415 4752 3674 4813 αᾰοενεεω

621 4835 879 4908 Livium,
920 4835 983 4897 in
1022 4835 1109 4898 ed.
1150 4837 1471 4912 Drakenb.,
1512 4841 1585 4900 V.
1627 4856 1751 4915 vn,
1794 4861 1850 4923 p.
1896 4846 2032 4906 150.
