<?xml version="1.0" encoding="UTF-8"?>
<!DOCTYPE html PUBLIC "-//W3C//DTD XHTML 1.0 Transitional//EN"
    "http://www.w3.org/TR/xhtml1/DTD/xhtml1-transitional.dtd">
<html xmlns="http://www.w3.org/1999/xhtml" xml:lang="en" lang="en">
 <head>
  <title>
</title>
<meta http-equiv="Content-Type" content="text/html;charset=utf-8" />
  <meta name='ocr-system' content='tesseract 3.04.00' />
  <meta name='ocr-capabilities' content='ocr_page ocr_carea ocr_par ocr_line ocrx_word'/>
</head>
<body>
  <div class='ocr_page' id='page_1' title='image "annalesacademic02confgoog_0184.png"; bbox 0 0 4766 6034; ppageno 0'>
   <div class='ocr_carea' id='block_1_1' title="bbox 1138 554 3225 647">
    <p class='ocr_par' dir='ltr' id='par_1_1' title="bbox 1138 554 3225 647">
     <span class='ocr_line' id='line_1_1' title="bbox 1138 554 3225 647; baseline 0.004 -8"><span class='ocrx_word' id='word_1_1' title='bbox 1138 575 1265 641; x_wconf 82' lang='lat'><em>168</em></span> <span class='ocrx_word' id='word_1_2' title='bbox 1734 632 1739 640; x_wconf 92' lang='lat'><strong>.</strong></span> <span class='ocrx_word' id='word_1_3' title='bbox 2085 575 2470 643; x_wconf 67' lang='lat' dir='ltr'><em>sulas</em></span> <span class='ocrx_word' id='word_1_4' title='bbox 2569 554 3225 647; x_wconf 73' lang='lat' dir='ltr'><em>LacrloNu&#39;ra.</em></span> 
     </span>
    </p>
   </div>
   <div class='ocr_carea' id='block_1_2' title="bbox 1134 746 4170 979">
    <p class='ocr_par' dir='ltr' id='par_1_2' title="bbox 1134 746 4170 979">
     <span class='ocr_line' id='line_1_2' title="bbox 1233 746 4170 880; baseline 0.003 -23"><span class='ocrx_word' id='word_1_5' title='bbox 1233 746 1659 858; x_wconf 64' lang='lat' dir='ltr'><em>Anatom&#39;iam</em></span> <span class='ocrx_word' id='word_1_6' title='bbox 1693 784 2095 880; x_wconf 77' lang='lat' dir='ltr'><em>plantarum</em></span> <span class='ocrx_word' id='word_1_7' title='bbox 2144 784 2229 859; x_wconf 79' lang='lat' dir='ltr'><em>o,</em></span> <span class='ocrx_word' id='word_1_8' title='bbox 2272 784 2363 860; x_wconf 89' lang='lat' dir='ltr'><em>A.</em></span> <span class='ocrx_word' id='word_1_9' title='bbox 2402 785 2798 875; x_wconf 66' lang='lat' dir='ltr'><em>annom,</em></span> <span class='ocrx_word' id='word_1_10' title='bbox 2850 786 3100 861; x_wconf 71' lang='lat' dir='ltr'><strong>diebus</strong></span> <span class='ocrx_word' id='word_1_11' title='bbox 3145 792 3217 860; x_wconf 75' lang='lat' dir='ltr'><em>et</em></span> <span class='ocrx_word' id='word_1_12' title='bbox 3266 785 3452 861; x_wconf 74' lang='lat' dir='ltr'><em>horis</em></span> <span class='ocrx_word' id='word_1_13' title='bbox 3504 788 3942 865; x_wconf 71' lang='lat' dir='ltr'><strong>auditoribus</strong></span> <span class='ocrx_word' id='word_1_14' title='bbox 3989 814 4170 866; x_wconf 74' lang='lat' dir='ltr'><em>oom-</em></span> 
     </span>
     <span class='ocr_line' id='line_1_3' title="bbox 1134 903 1379 979; baseline 0.004 -2"><span class='ocrx_word' id='word_1_15' title='bbox 1134 903 1379 979; x_wconf 73' lang='lat' dir='ltr'><em>modia.</em></span> 
     </span>
    </p>
   </div>
   <div class='ocr_carea' id='block_1_3' title="bbox 1084 998 4251 4834">
    <p class='ocr_par' dir='ltr' id='par_1_3' title="bbox 1134 998 4178 1365">
     <span class='ocr_line' id='line_1_4' title="bbox 1242 998 4178 1119; baseline 0.001 -20"><span class='ocrx_word' id='word_1_16' title='bbox 1242 1026 1699 1099; x_wconf 79' lang='lat' dir='ltr'><em>Oeconomiam</em></span> <span class='ocrx_word' id='word_1_17' title='bbox 1728 1024 2023 1099; x_wconf 78' lang='lat' dir='ltr'><em>ruralem</em></span> <span class='ocrx_word' id='word_1_18' title='bbox 2054 1024 2135 1100; x_wconf 82' lang='grc' dir='ltr'><em>Ο.</em></span> <span class='ocrx_word' id='word_1_19' title='bbox 2163 1026 2251 1099; x_wconf 90' lang='lat' dir='ltr'><em>A.</em></span> <span class='ocrx_word' id='word_1_20' title='bbox 2279 1025 2640 1101; x_wconf 72' lang='lat' dir='ltr'><em>BaaosMA</em></span> <span class='ocrx_word' id='word_1_21' title='bbox 2660 1085 2680 1116; x_wconf 91' lang='lat'>‚</span> <span class='ocrx_word' id='word_1_22' title='bbox 2716 1026 2965 1103; x_wconf 83' lang='lat' dir='ltr'><em>diebus</em></span> <span class='ocrx_word' id='word_1_23' title='bbox 2993 998 3316 1105; x_wconf 84' lang='lat' dir='ltr'><em>mercurii</em></span> <span class='ocrx_word' id='word_1_24' title='bbox 3341 1037 3413 1104; x_wconf 88' lang='lat' dir='ltr'><em>et</em></span> <span class='ocrx_word' id='word_1_25' title='bbox 3444 1030 3746 1119; x_wconf 80' lang='lat' dir='ltr'><em>saturni,</em></span> <span class='ocrx_word' id='word_1_26' title='bbox 3793 1029 3962 1105; x_wconf 72' lang='lat' dir='ltr'><em>hora</em></span> <span class='ocrx_word' id='word_1_27' title='bbox 3993 1028 4178 1117; x_wconf 87' lang='lat' dir='ltr'>XII,</span> 
     </span>
     <span class='ocr_line' id='line_1_5' title="bbox 1134 1144 4172 1245; baseline 0.002 -28"><span class='ocrx_word' id='word_1_28' title='bbox 1134 1146 1309 1220; x_wconf 86' lang='lat' dir='ltr'><em>duee</em></span> <span class='ocrx_word' id='word_1_29' title='bbox 1352 1144 1761 1245; x_wconf 89' lang='lat' dir='ltr'><em>compendio</em></span> <span class='ocrx_word' id='word_1_30' title='bbox 1810 1168 1965 1219; x_wconf 82' lang='lat' dir='ltr'><em>suo:</em></span> <span class='ocrx_word' id='word_1_31' title='bbox 2019 1146 2402 1221; x_wconf 78' lang='lat' dir='ltr'><em>Handboek</em></span> <span class='ocrx_word' id='word_1_32' title='bbox 2446 1174 2605 1222; x_wconf 89' lang='lat' dir='ltr'><em>voor</em></span> <span class='ocrx_word' id='word_1_33' title='bbox 2654 1150 2738 1222; x_wconf 86' lang='lat' dir='ltr'><em>de</em></span> <span class='ocrx_word' id='word_1_34' title='bbox 2798 1149 2872 1220; x_wconf 91' lang='lat' dir='ltr'><em>V</em></span> <span class='ocrx_word' id='word_1_35' title='bbox 2859 1150 3344 1224; x_wconf 75' lang='lat' dir='ltr'><em>aderlandsche</em></span> <span class='ocrx_word' id='word_1_36' title='bbox 3389 1150 4172 1236; x_wconf 76' lang='lat' dir='ltr'><em>Landbuishoudkunde,</em></span> 
     </span>
     <span class='ocr_line' id='line_1_6' title="bbox 1134 1263 2164 1365; baseline 0 -27"><span class='ocrx_word' id='word_1_37' title='bbox 1134 1265 1243 1341; x_wconf 87' lang='lat' dir='ltr'><em>ed.</em></span> <span class='ocrx_word' id='word_1_38' title='bbox 1297 1266 1476 1365; x_wconf 87' lang='lat' dir='ltr'><em>Traj.</em></span> <span class='ocrx_word' id='word_1_39' title='bbox 1528 1266 1620 1340; x_wconf 90' lang='lat' dir='ltr'><em>ad</em></span> <span class='ocrx_word' id='word_1_40' title='bbox 1668 1263 1895 1341; x_wconf 88' lang='lat' dir='ltr'><em>Rhen.</em></span> <span class='ocrx_word' id='word_1_41' title='bbox 1952 1267 2164 1339; x_wconf 81' lang='lat'><strong>1842.</strong></span> 
     </span>
    </p>

    <p class='ocr_par' dir='ltr' id='par_1_4' title="bbox 1229 1386 4172 1488">
     <span class='ocr_line' id='line_1_7' title="bbox 1229 1386 4172 1488; baseline 0.002 -28"><span class='ocrx_word' id='word_1_42' title='bbox 1229 1389 1763 1461; x_wconf 73' lang='lat' dir='ltr'><em>Eoecursionibus</em></span> <span class='ocrx_word' id='word_1_43' title='bbox 1808 1388 2173 1461; x_wconf 86' lang='lat' dir='ltr'><em>Botanicis</em></span> <span class='ocrx_word' id='word_1_44' title='bbox 2222 1387 2515 1486; x_wconf 84' lang='lat' dir='ltr'><em>singulis</em></span> <span class='ocrx_word' id='word_1_45' title='bbox 2574 1386 3129 1463; x_wconf 84' lang='lat' dir='ltr'>hebdomadibus</span> <span class='ocrx_word' id='word_1_46' title='bbox 3177 1388 3475 1488; x_wconf 86' lang='lat' dir='ltr'><em>praeerit</em></span> <span class='ocrx_word' id='word_1_47' title='bbox 3521 1390 3602 1464; x_wconf 85' lang='lat' dir='ltr'><em>C.</em></span> <span class='ocrx_word' id='word_1_48' title='bbox 3653 1389 3744 1465; x_wconf 88' lang='lat' dir='ltr'><em>A.</em></span> <span class='ocrx_word' id='word_1_49' title='bbox 3791 1390 4172 1465; x_wconf 61' lang='lat' dir='ltr'><em>Banasam.</em></span> 
     </span>
    </p>

    <p class='ocr_par' dir='ltr' id='par_1_5' title="bbox 1133 1507 4178 1703">
     <span class='ocr_line' id='line_1_8' title="bbox 1230 1507 4178 1608; baseline 0.001 -27"><span class='ocrx_word' id='word_1_50' title='bbox 1230 1510 1615 1608; x_wconf 68' lang='lat' dir='ltr'><em>Zoo‘loyiam</em></span> <span class='ocrx_word' id='word_1_51' title='bbox 1658 1508 1919 1582; x_wconf 79' lang='lat' dir='ltr'><em>docebit</em></span> <span class='ocrx_word' id='word_1_52' title='bbox 1959 1508 2095 1582; x_wconf 79' lang='grc' dir='ltr'><em>ΤΗ.</em></span> <span class='ocrx_word' id='word_1_53' title='bbox 2145 1509 2231 1583; x_wconf 88' lang='lat' dir='ltr'><em>G.</em></span> <span class='ocrx_word' id='word_1_54' title='bbox 2285 1530 2434 1582; x_wconf 70' lang='lat' dir='ltr'><em>vAN</em></span> <span class='ocrx_word' id='word_1_55' title='bbox 2480 1507 2726 1582; x_wconf 78' lang='lat' dir='ltr'><em>Lmru</em></span> <span class='ocrx_word' id='word_1_56' title='bbox 2771 1532 2868 1583; x_wconf 77' lang='lat' dir='ltr'><em>nr.</em></span> <span class='ocrx_word' id='word_1_57' title='bbox 2909 1509 2954 1581; x_wconf 90' lang='lat' dir='ltr'><strong>J</strong></span> <span class='ocrx_word' id='word_1_58' title='bbox 2958 1532 3150 1583; x_wconf 70' lang='lat' dir='ltr'><em>aona</em></span> <span class='ocrx_word' id='word_1_59' title='bbox 3171 1568 3192 1598; x_wconf 91' lang='lat'>‚</span> <span class='ocrx_word' id='word_1_60' title='bbox 3249 1509 3496 1583; x_wconf 83' lang='lat' dir='ltr'><em>diebus</em></span> <span class='ocrx_word' id='word_1_61' title='bbox 3541 1509 3748 1585; x_wconf 89' lang='lat' dir='ltr'><em>lunae</em></span> <span class='ocrx_word' id='word_1_62' title='bbox 3791 1517 3863 1584; x_wconf 90' lang='lat' dir='ltr'><em>et</em></span> <span class='ocrx_word' id='word_1_63' title='bbox 3903 1511 4178 1598; x_wconf 78' lang='lat' dir='ltr'><em>martie,</em></span> 
     </span>
     <span class='ocr_line' id='line_1_9' title="bbox 1133 1628 1443 1703; baseline 0 0"><span class='ocrx_word' id='word_1_64' title='bbox 1133 1630 1301 1703; x_wconf 67' lang='lat' dir='ltr'><em>hora</em></span> <span class='ocrx_word' id='word_1_65' title='bbox 1348 1628 1443 1703; x_wconf 94' lang='lat' dir='ltr'><em>X.</em></span> 
     </span>
    </p>

    <p class='ocr_par' dir='ltr' id='par_1_6' title="bbox 1228 1745 4170 1846">
     <span class='ocr_line' id='line_1_10' title="bbox 1228 1745 4170 1846; baseline -0.002 -22"><span class='ocrx_word' id='word_1_66' title='bbox 1228 1753 1659 1824; x_wconf 83' lang='lat' dir='ltr'><em>Anatomiam</em></span> <span class='ocrx_word' id='word_1_67' title='bbox 1692 1756 2143 1846; x_wconf 83' lang='lat' dir='ltr'><em>comparatam</em></span> <span class='ocrx_word' id='word_1_68' title='bbox 2171 1748 2306 1822; x_wconf 80' lang='grc' dir='ltr'><em>ΤΗ.</em></span> <span class='ocrx_word' id='word_1_69' title='bbox 2341 1750 2430 1823; x_wconf 82' lang='lat' dir='ltr'><em>G.</em></span> <span class='ocrx_word' id='word_1_70' title='bbox 2464 1771 2614 1821; x_wconf 80' lang='lat' dir='ltr'><em>VAN</em></span> <span class='ocrx_word' id='word_1_71' title='bbox 2648 1748 2892 1823; x_wconf 76' lang='lat' dir='ltr'><em>Lm&#39;rn</em></span> <span class='ocrx_word' id='word_1_72' title='bbox 2921 1773 3018 1823; x_wconf 77' lang='lat' dir='ltr'><em>nr:</em></span> <span class='ocrx_word' id='word_1_73' title='bbox 3045 1750 3091 1822; x_wconf 99' lang='lat' dir='ltr'><strong>J</strong></span> <span class='ocrx_word' id='word_1_74' title='bbox 3094 1772 3286 1825; x_wconf 75' lang='lat' dir='ltr'><strong>EUDE</strong></span> <span class='ocrx_word' id='word_1_75' title='bbox 3307 1808 3328 1838; x_wconf 91' lang='lat'><em>,</em></span> <span class='ocrx_word' id='word_1_76' title='bbox 3358 1748 3472 1824; x_wconf 89' lang='lat' dir='ltr'><em>die</em></span> <span class='ocrx_word' id='word_1_77' title='bbox 3499 1748 3857 1838; x_wconf 84' lang='lat' dir='ltr'><em>mercurii,</em></span> <span class='ocrx_word' id='word_1_78' title='bbox 3887 1745 4058 1823; x_wconf 71' lang='lat' dir='ltr'><em>hora</em></span> <span class='ocrx_word' id='word_1_79' title='bbox 4081 1746 4170 1821; x_wconf 92' lang='lat' dir='ltr'><em>X.</em></span> 
     </span>
    </p>

    <p class='ocr_par' dir='ltr' id='par_1_7' title="bbox 1133 1866 4173 2088">
     <span class='ocr_line' id='line_1_11' title="bbox 1229 1866 4173 1968; baseline -0.001 -25"><span class='ocrx_word' id='word_1_80' title='bbox 1229 1874 1603 1944; x_wconf 83' lang='lat' dir='ltr'><em>Anatomen</em></span> <span class='ocrx_word' id='word_1_81' title='bbox 1660 1878 1729 1942; x_wconf 91' lang='lat' dir='ltr'><em>et</em></span> <span class='ocrx_word' id='word_1_82' title='bbox 1784 1869 2286 1968; x_wconf 68' lang='lat' dir='ltr'><em>Physioloyiam</em></span> <span class='ocrx_word' id='word_1_83' title='bbox 2323 1870 2724 1967; x_wconf 84' lang='lat' dir='ltr'><em>plantarum</em></span> <span class='ocrx_word' id='word_1_84' title='bbox 2779 1869 3055 1945; x_wconf 82' lang='lat' dir='ltr'><strong>docebit</strong></span> <span class='ocrx_word' id='word_1_85' title='bbox 3107 1870 3188 1946; x_wconf 92' lang='lat' dir='ltr'><em>P.</em></span> <span class='ocrx_word' id='word_1_86' title='bbox 3235 1868 3591 1945; x_wconf 62' lang='lat' dir='ltr'><em>Hammo</em></span> <span class='ocrx_word' id='word_1_87' title='bbox 3607 1927 3628 1958; x_wconf 88' lang='lat'><em>,</em></span> <span class='ocrx_word' id='word_1_88' title='bbox 3677 1868 3930 1944; x_wconf 87' lang='lat' dir='ltr'><em>diebus</em></span> <span class='ocrx_word' id='word_1_89' title='bbox 3974 1866 4173 1941; x_wconf 81' lang='lat' dir='ltr'><em>lunae</em></span> 
     </span>
     <span class='ocr_line' id='line_1_12' title="bbox 1133 1988 2347 2088; baseline -0.002 -23"><span class='ocrx_word' id='word_1_90' title='bbox 1133 2000 1203 2065; x_wconf 90' lang='lat' dir='ltr'><em>et</em></span> <span class='ocrx_word' id='word_1_91' title='bbox 1250 1990 1421 2064; x_wconf 86' lang='lat' dir='ltr'><em>iovis</em></span> <span class='ocrx_word' id='word_1_92' title='bbox 1444 2050 1463 2079; x_wconf 90' lang='lat'>‚</span> <span class='ocrx_word' id='word_1_93' title='bbox 1514 1989 1682 2063; x_wconf 68' lang='lat' dir='ltr'><em>hora</em></span> <span class='ocrx_word' id='word_1_94' title='bbox 1727 1988 2200 2088; x_wconf 67' lang='lat' dir='ltr'><em>pomeridiana</em></span> <span class='ocrx_word' id='word_1_95' title='bbox 2248 1990 2347 2063; x_wconf 95' lang='lat' dir='ltr'><em>II.</em></span> 
     </span>
    </p>

    <p class='ocr_par' dir='ltr' id='par_1_8' title="bbox 1134 2108 4176 2328">
     <span class='ocr_line' id='line_1_13' title="bbox 1231 2108 4176 2207; baseline 0 -24"><span class='ocrx_word' id='word_1_96' title='bbox 1231 2111 1893 2185; x_wconf 72' lang='lat' dir='ltr'><em>Eoecercitationibus</em></span> <span class='ocrx_word' id='word_1_97' title='bbox 1970 2111 2042 2181; x_wconf 84' lang='lat' dir='ltr'><em>in</em></span> <span class='ocrx_word' id='word_1_98' title='bbox 2106 2134 2229 2182; x_wconf 78' lang='lat' dir='ltr'><em>usu</em></span> <span class='ocrx_word' id='word_1_99' title='bbox 2302 2111 2718 2207; x_wconf 78' lang='lat' dir='ltr'><em>microscopii</em></span> <span class='ocrx_word' id='word_1_100' title='bbox 2779 2112 3026 2183; x_wconf 82' lang='lat' dir='ltr'><em>studiis</em></span> <span class='ocrx_word' id='word_1_101' title='bbox 3091 2111 3469 2183; x_wconf 77' lang='lat' dir='ltr'><em>zootomicis</em></span> <span class='ocrx_word' id='word_1_102' title='bbox 3486 2167 3507 2198; x_wconf 89' lang='lat'><em>‚</em></span> <span class='ocrx_word' id='word_1_103' title='bbox 3564 2108 4045 2207; x_wconf 61' lang='lat' dir='ltr'><em>phytotomicts</em></span> <span class='ocrx_word' id='word_1_104' title='bbox 4111 2118 4176 2184; x_wconf 84' lang='lat' dir='ltr'><em>et</em></span> 
     </span>
     <span class='ocr_line' id='line_1_14' title="bbox 1134 2227 3089 2328; baseline -0.001 -23"><span class='ocrx_word' id='word_1_105' title='bbox 1134 2233 1440 2305; x_wconf 75' lang='lat' dir='ltr'><em>chemicis</em></span> <span class='ocrx_word' id='word_1_106' title='bbox 1487 2230 1828 2328; x_wconf 86' lang='lat' dir='ltr'><em>applicato</em></span> <span class='ocrx_word' id='word_1_107' title='bbox 1876 2227 2186 2326; x_wconf 81' lang='lat' dir='ltr'><strong>quotidie</strong></span> <span class='ocrx_word' id='word_1_108' title='bbox 2239 2229 2532 2328; x_wconf 88' lang='lat' dir='ltr'><em>praeerit</em></span> <span class='ocrx_word' id='word_1_109' title='bbox 2577 2228 2659 2303; x_wconf 90' lang='lat' dir='ltr'><em>P.</em></span> <span class='ocrx_word' id='word_1_110' title='bbox 2711 2228 3089 2304; x_wconf 71' lang='lat' dir='ltr'><em>HAarmo.</em></span> 
     </span>
    </p>

    <p class='ocr_par' dir='ltr' id='par_1_9' title="bbox 1130 2348 4173 2667">
     <span class='ocr_line' id='line_1_15' title="bbox 1229 2348 4173 2450; baseline 0 -27"><span class='ocrx_word' id='word_1_111' title='bbox 1229 2352 1749 2425; x_wconf 81' lang='lat' dir='ltr'><em>Astronomiam.</em></span> <span class='ocrx_word' id='word_1_112' title='bbox 1787 2350 2218 2424; x_wconf 76' lang='lat' dir='ltr'><em>theoreticam</em></span> <span class='ocrx_word' id='word_1_113' title='bbox 2277 2358 2348 2424; x_wconf 87' lang='lat' dir='ltr'><em>et</em></span> <span class='ocrx_word' id='word_1_114' title='bbox 2397 2352 2775 2446; x_wconf 82' lang='lat' dir='ltr'><em>practicam</em></span> <span class='ocrx_word' id='word_1_115' title='bbox 2840 2357 3084 2450; x_wconf 83' lang='lat' dir='ltr'><em>quater</em></span> <span class='ocrx_word' id='word_1_116' title='bbox 3149 2372 3273 2448; x_wconf 89' lang='lat' dir='ltr'><em>per</em></span> <span class='ocrx_word' id='word_1_117' title='bbox 3338 2348 3610 2423; x_wconf 85' lang='lat' dir='ltr'><em>diorum</em></span> <span class='ocrx_word' id='word_1_118' title='bbox 3672 2348 4173 2424; x_wconf 83' lang='lat' dir='ltr'><em>hebdomadem</em></span> 
     </span>
     <span class='ocr_line' id='line_1_16' title="bbox 1134 2467 4173 2557; baseline -0.001 -11"><span class='ocrx_word' id='word_1_119' title='bbox 1134 2471 1360 2547; x_wconf 86' lang='lat' dir='ltr'><em>tradet</em></span> <span class='ocrx_word' id='word_1_120' title='bbox 1405 2472 1495 2546; x_wconf 93' lang='lat' dir='ltr'><em>A.</em></span> <span class='ocrx_word' id='word_1_121' title='bbox 1550 2471 1619 2545; x_wconf 88' lang='lat' dir='ltr'><em>S.</em></span> <span class='ocrx_word' id='word_1_122' title='bbox 1673 2470 1919 2557; x_wconf 69' lang='lat' dir='ltr'><em>Runa,</em></span> <span class='ocrx_word' id='word_1_123' title='bbox 1982 2468 2468 2544; x_wconf 88' lang='lat' dir='ltr'><em>Astronomiae</em></span> <span class='ocrx_word' id='word_1_124' title='bbox 2513 2470 2762 2545; x_wconf 83' lang='lat' dir='ltr'><em>Lector</em></span> <span class='ocrx_word' id='word_1_125' title='bbox 2781 2527 2800 2557; x_wconf 88' lang='lat'>,</span> <span class='ocrx_word' id='word_1_126' title='bbox 2866 2467 3114 2543; x_wconf 84' lang='lat' dir='ltr'><em>diebus</em></span> <span class='ocrx_word' id='word_1_127' title='bbox 3161 2476 3233 2542; x_wconf 94' lang='lat' dir='ltr'><em>et</em></span> <span class='ocrx_word' id='word_1_128' title='bbox 3280 2468 3466 2543; x_wconf 83' lang='lat' dir='ltr'><em>horis</em></span> <span class='ocrx_word' id='word_1_129' title='bbox 3515 2467 3949 2544; x_wconf 82' lang='lat' dir='ltr'><em>auditoribus</em></span> <span class='ocrx_word' id='word_1_130' title='bbox 3991 2494 4173 2544; x_wconf 88' lang='lat' dir='ltr'><em>com-</em></span> 
     </span>
     <span class='ocr_line' id='line_1_17' title="bbox 1130 2592 1375 2667; baseline 0 0"><span class='ocrx_word' id='word_1_131' title='bbox 1130 2592 1375 2667; x_wconf 77' lang='lat' dir='ltr'><em>modia.</em></span> 
     </span>
    </p>

    <p class='ocr_par' dir='ltr' id='par_1_10' title="bbox 1136 2704 4177 2907">
     <span class='ocr_line' id='line_1_18' title="bbox 1234 2704 4177 2811; baseline -0 -27"><span class='ocrx_word' id='word_1_132' title='bbox 1234 2713 1725 2786; x_wconf 83' lang='lat' dir='ltr'><em>Astronomiam</em></span> <span class='ocrx_word' id='word_1_133' title='bbox 1747 2709 2150 2811; x_wconf 82' lang='lat' dir='ltr'><em>popularem</em></span> <span class='ocrx_word' id='word_1_134' title='bbox 2173 2766 2194 2797; x_wconf 89' lang='lat'>,</span> <span class='ocrx_word' id='word_1_135' title='bbox 2234 2707 2345 2782; x_wconf 85' lang='lat' dir='ltr'><em>bis</em></span> <span class='ocrx_word' id='word_1_136' title='bbox 2378 2732 2502 2807; x_wconf 89' lang='lat' dir='ltr'><em>per</em></span> <span class='ocrx_word' id='word_1_137' title='bbox 2534 2706 2804 2782; x_wconf 90' lang='lat' dir='ltr'><em>dierum</em></span> <span class='ocrx_word' id='word_1_138' title='bbox 2842 2704 3349 2783; x_wconf 83' lang='lat' dir='ltr'><em>hebdomadem</em></span> <span class='ocrx_word' id='word_1_139' title='bbox 3363 2764 3384 2797; x_wconf 94' lang='lat'><em>,</em></span> <span class='ocrx_word' id='word_1_140' title='bbox 3422 2708 3512 2784; x_wconf 93' lang='lat' dir='ltr'><em>A.</em></span> <span class='ocrx_word' id='word_1_141' title='bbox 3547 2707 3616 2783; x_wconf 88' lang='lat' dir='ltr'><em>S.</em></span> <span class='ocrx_word' id='word_1_142' title='bbox 3647 2707 3858 2783; x_wconf 71' lang='lat' dir='ltr'><em>Runa</em></span> <span class='ocrx_word' id='word_1_143' title='bbox 3877 2766 3897 2797; x_wconf 92' lang='lat'><em>,</em></span> <span class='ocrx_word' id='word_1_144' title='bbox 3933 2706 4177 2783; x_wconf 88' lang='lat' dir='ltr'><em>diebus</em></span> 
     </span>
     <span class='ocr_line' id='line_1_19' title="bbox 1136 2827 2371 2907; baseline -0.003 0"><span class='ocrx_word' id='word_1_145' title='bbox 1136 2840 1206 2907; x_wconf 90' lang='lat' dir='ltr'><em>et</em></span> <span class='ocrx_word' id='word_1_146' title='bbox 1254 2830 1440 2905; x_wconf 83' lang='lat' dir='ltr'><em>horis</em></span> <span class='ocrx_word' id='word_1_147' title='bbox 1489 2829 1923 2907; x_wconf 77' lang='lat' dir='ltr'><strong>auditoribus</strong></span> <span class='ocrx_word' id='word_1_148' title='bbox 1970 2827 2371 2903; x_wconf 82' lang='lat' dir='ltr'><em>commodis,</em></span> 
     </span>
    </p>

    <p class='ocr_par' dir='ltr' id='par_1_11' title="bbox 1084 2945 4178 3174">
     <span class='ocr_line' id='line_1_20' title="bbox 1230 2945 4178 3039; baseline -0.001 -12"><span class='ocrx_word' id='word_1_149' title='bbox 1230 2953 1596 3028; x_wconf 81' lang='lat' dir='ltr'><em>Elementa</em></span> <span class='ocrx_word' id='word_1_150' title='bbox 1639 2950 2011 3026; x_wconf 75' lang='lat' dir='ltr'><em>matheseos</em></span> <span class='ocrx_word' id='word_1_151' title='bbox 2052 2946 2330 3024; x_wconf 81' lang='lat' dir='ltr'><em>docebit</em></span> <span class='ocrx_word' id='word_1_152' title='bbox 2374 2947 2455 3024; x_wconf 88' lang='lat' dir='ltr'><em>C.</em></span> <span class='ocrx_word' id='word_1_153' title='bbox 2496 2947 2595 3023; x_wconf 92' lang='lat' dir='ltr'><em>H.</em></span> <span class='ocrx_word' id='word_1_154' title='bbox 2637 2947 2729 3024; x_wconf 93' lang='lat' dir='ltr'><em>D.</em></span> <span class='ocrx_word' id='word_1_155' title='bbox 2777 2947 2978 3024; x_wconf 76' lang='lat' dir='ltr'><em>Burs</em></span> <span class='ocrx_word' id='word_1_156' title='bbox 3019 2947 3322 3023; x_wconf 70' lang='lat' dir='ltr'><em>BALLor</em></span> <span class='ocrx_word' id='word_1_157' title='bbox 3341 3005 3362 3039; x_wconf 94' lang='lat'><em>,</em></span> <span class='ocrx_word' id='word_1_158' title='bbox 3413 2954 3574 3024; x_wconf 88' lang='lat' dir='ltr'><em>ante</em></span> <span class='ocrx_word' id='word_1_159' title='bbox 3609 2945 3812 3024; x_wconf 80' lang='lat' dir='ltr'><em>ferias</em></span> <span class='ocrx_word' id='word_1_160' title='bbox 3855 2947 4178 3024; x_wconf 79' lang='lat' dir='ltr'><em>hiemales</em></span> 
     </span>
     <span class='ocr_line' id='line_1_21' title="bbox 1084 3066 3784 3174; baseline -0.002 -25"><span class='ocrx_word' id='word_1_161' title='bbox 1084 3109 1087 3112; x_wconf 57' lang='grc'>’</span> <span class='ocrx_word' id='word_1_162' title='bbox 1137 3073 1491 3174; x_wconf 81' lang='lat' dir='ltr'><em>quotidie3</em></span> <span class='ocrx_word' id='word_1_163' title='bbox 1542 3078 1701 3172; x_wconf 84' lang='lat' dir='ltr'><em>post</em></span> <span class='ocrx_word' id='word_1_164' title='bbox 1747 3071 1900 3146; x_wconf 83' lang='lat' dir='ltr'><em>illas</em></span> <span class='ocrx_word' id='word_1_165' title='bbox 1920 3130 1939 3160; x_wconf 88' lang='lat'>,</span> <span class='ocrx_word' id='word_1_166' title='bbox 1992 3069 2243 3145; x_wconf 85' lang='lat' dir='ltr'><em>diebus</em></span> <span class='ocrx_word' id='word_1_167' title='bbox 2292 3070 2501 3146; x_wconf 89' lang='lat' dir='ltr'><em>lunae</em></span> <span class='ocrx_word' id='word_1_168' title='bbox 2551 3068 2790 3144; x_wconf 84' lang='lat' dir='ltr'><em>martis</em></span> <span class='ocrx_word' id='word_1_169' title='bbox 2839 3077 2910 3142; x_wconf 90' lang='lat' dir='ltr'><em>et</em></span> <span class='ocrx_word' id='word_1_170' title='bbox 2957 3069 3318 3158; x_wconf 87' lang='lat' dir='ltr'><em>mercurii,</em></span> <span class='ocrx_word' id='word_1_171' title='bbox 3366 3069 3535 3144; x_wconf 67' lang='lat' dir='ltr'><em>hora</em></span> <span class='ocrx_word' id='word_1_172' title='bbox 3579 3066 3784 3144; x_wconf 87' lang='lat' dir='ltr'><strong>VIII.</strong></span> 
     </span>
    </p>

    <p class='ocr_par' dir='ltr' id='par_1_12' title="bbox 1134 3187 4176 3414">
     <span class='ocr_line' id='line_1_22' title="bbox 1237 3187 4176 3291; baseline -0.001 -23"><span class='ocrx_word' id='word_1_173' title='bbox 1237 3195 1784 3270; x_wconf 74' lang='lat' dir='ltr'><em>Stereometriam</em></span> <span class='ocrx_word' id='word_1_174' title='bbox 1800 3251 1821 3282; x_wconf 89' lang='lat'><em>‚</em></span> <span class='ocrx_word' id='word_1_175' title='bbox 1863 3193 2437 3291; x_wconf 70' lang='lat' dir='ltr'><em>triqonometriam</em></span> <span class='ocrx_word' id='word_1_176' title='bbox 2472 3189 2894 3288; x_wconf 67' lang='lat' dir='ltr'><em>sphaericam</em></span> <span class='ocrx_word' id='word_1_177' title='bbox 2929 3195 3002 3262; x_wconf 88' lang='lat' dir='ltr'><em>et</em></span> <span class='ocrx_word' id='word_1_178' title='bbox 3039 3189 3381 3288; x_wconf 66' lang='lat' dir='ltr'><em>alqebram</em></span> <span class='ocrx_word' id='word_1_179' title='bbox 3419 3195 3582 3265; x_wconf 88' lang='lat' dir='ltr'><em>ante</em></span> <span class='ocrx_word' id='word_1_180' title='bbox 3614 3189 3818 3264; x_wconf 83' lang='lat' dir='ltr'><em>ferias</em></span> <span class='ocrx_word' id='word_1_181' title='bbox 3853 3187 4176 3264; x_wconf 78' lang='lat' dir='ltr'><em>hiemales</em></span> 
     </span>
     <span class='ocr_line' id='line_1_23' title="bbox 1134 3307 2824 3414; baseline -0.002 -26"><span class='ocrx_word' id='word_1_182' title='bbox 1134 3322 1381 3414; x_wconf 83' lang='lat' dir='ltr'><strong>quater</strong></span> <span class='ocrx_word' id='word_1_183' title='bbox 1430 3337 1555 3414; x_wconf 88' lang='lat' dir='ltr'><em>per</em></span> <span class='ocrx_word' id='word_1_184' title='bbox 1604 3312 1875 3387; x_wconf 88' lang='lat' dir='ltr'><em>dierum</em></span> <span class='ocrx_word' id='word_1_185' title='bbox 1920 3309 2431 3385; x_wconf 81' lang='lat' dir='ltr'><em>hebdomadem</em></span> <span class='ocrx_word' id='word_1_186' title='bbox 2446 3368 2467 3398; x_wconf 92' lang='lat'><em>,</em></span> <span class='ocrx_word' id='word_1_187' title='bbox 2513 3308 2682 3384; x_wconf 70' lang='lat' dir='ltr'><em>hora</em></span> <span class='ocrx_word' id='word_1_188' title='bbox 2733 3307 2824 3384; x_wconf 94' lang='lat' dir='ltr'><em>X.</em></span> 
     </span>
    </p>

    <p class='ocr_par' dir='ltr' id='par_1_13' title="bbox 1136 3426 4176 3643">
     <span class='ocr_line' id='line_1_24' title="bbox 1239 3426 4176 3530; baseline -0.002 -21"><span class='ocrx_word' id='word_1_189' title='bbox 1239 3437 1685 3510; x_wconf 82' lang='lat' dir='ltr'><em>Geometriam</em></span> <span class='ocrx_word' id='word_1_190' title='bbox 1747 3433 2253 3530; x_wconf 76' lang='lat' dir='ltr'><em>desmptivam,</em></span> <span class='ocrx_word' id='word_1_191' title='bbox 2318 3437 2476 3530; x_wconf 87' lang='lat' dir='ltr'><em>post</em></span> <span class='ocrx_word' id='word_1_192' title='bbox 2539 3428 2744 3503; x_wconf 84' lang='lat' dir='ltr'><em>ferias</em></span> <span class='ocrx_word' id='word_1_193' title='bbox 2804 3426 3165 3517; x_wconf 82' lang='lat' dir='ltr'><em>hiemales,</em></span> <span class='ocrx_word' id='word_1_194' title='bbox 3233 3427 3482 3502; x_wconf 87' lang='lat' dir='ltr'><em>diebus</em></span> <span class='ocrx_word' id='word_1_195' title='bbox 3525 3428 3730 3504; x_wconf 88' lang='lat' dir='ltr'><em>lunae</em></span> <span class='ocrx_word' id='word_1_196' title='bbox 3748 3486 3769 3517; x_wconf 89' lang='lat'>,</span> <span class='ocrx_word' id='word_1_197' title='bbox 3819 3427 4060 3503; x_wconf 83' lang='lat' dir='ltr'><em>martis</em></span> <span class='ocrx_word' id='word_1_198' title='bbox 4107 3435 4176 3502; x_wconf 86' lang='lat' dir='ltr'><em>et</em></span> 
     </span>
     <span class='ocr_line' id='line_1_25' title="bbox 1136 3550 1924 3643; baseline -0.008 -12"><span class='ocrx_word' id='word_1_199' title='bbox 1136 3555 1455 3630; x_wconf 88' lang='lat' dir='ltr'><em>mercurii</em></span> <span class='ocrx_word' id='word_1_200' title='bbox 1474 3613 1493 3643; x_wconf 88' lang='lat'>,</span> <span class='ocrx_word' id='word_1_201' title='bbox 1543 3553 1712 3627; x_wconf 68' lang='lat' dir='ltr'><em>hora</em></span> <span class='ocrx_word' id='word_1_202' title='bbox 1760 3550 1924 3626; x_wconf 89' lang='lat' dir='ltr'><strong>XII.</strong></span> 
     </span>
    </p>

    <p class='ocr_par' dir='ltr' id='par_1_14' title="bbox 1133 3665 4174 3880">
     <span class='ocr_line' id='line_1_26' title="bbox 1233 3665 4174 3773; baseline -0.002 -24"><span class='ocrx_word' id='word_1_203' title='bbox 1233 3675 1495 3749; x_wconf 86' lang='lat' dir='ltr'><em>Partes</em></span> <span class='ocrx_word' id='word_1_204' title='bbox 1550 3673 1877 3773; x_wconf 79' lang='lat' dir='ltr'><em>quasdam</em></span> <span class='ocrx_word' id='word_1_205' title='bbox 1932 3671 2305 3746; x_wconf 73' lang='lat' dir='ltr'><em>matheseos</em></span> <span class='ocrx_word' id='word_1_206' title='bbox 2360 3670 2768 3746; x_wconf 70' lang='lat' dir='ltr'><em>sublimioris</em></span> <span class='ocrx_word' id='word_1_207' title='bbox 2811 3665 3170 3758; x_wconf 81' lang='lat' dir='ltr'><em>tractabit,</em></span> <span class='ocrx_word' id='word_1_208' title='bbox 3233 3668 3484 3744; x_wconf 80' lang='lat' dir='ltr'><em>diebus</em></span> <span class='ocrx_word' id='word_1_209' title='bbox 3523 3668 3732 3744; x_wconf 88' lang='lat' dir='ltr'><em>lunae</em></span> <span class='ocrx_word' id='word_1_210' title='bbox 3748 3728 3769 3759; x_wconf 89' lang='lat'>‚</span> <span class='ocrx_word' id='word_1_211' title='bbox 3819 3669 4138 3745; x_wconf 86' lang='lat' dir='ltr'><em>mercurii</em></span> <span class='ocrx_word' id='word_1_212' title='bbox 4152 3727 4174 3760; x_wconf 90' lang='lat'><em>,</em></span> 
     </span>
     <span class='ocr_line' id='line_1_27' title="bbox 1133 3789 2101 3880; baseline -0.003 -12"><span class='ocrx_word' id='word_1_213' title='bbox 1133 3796 1305 3871; x_wconf 88' lang='lat' dir='ltr'><em>iovis</em></span> <span class='ocrx_word' id='word_1_214' title='bbox 1354 3801 1424 3869; x_wconf 89' lang='lat' dir='ltr'><em>et-</em></span> <span class='ocrx_word' id='word_1_215' title='bbox 1470 3791 1736 3867; x_wconf 82' lang='lat' dir='ltr'><em>veneris</em></span> <span class='ocrx_word' id='word_1_216' title='bbox 1754 3849 1774 3880; x_wconf 91' lang='lat'>‚</span> <span class='ocrx_word' id='word_1_217' title='bbox 1825 3789 1995 3866; x_wconf 64' lang='lat' dir='ltr'><em>hora</em></span> <span class='ocrx_word' id='word_1_218' title='bbox 2040 3790 2101 3865; x_wconf 95' lang='grc' dir='ltr'><em>Ι.</em></span> 
     </span>
    </p>

    <p class='ocr_par' dir='ltr' id='par_1_15' title="bbox 1134 3907 4251 4110">
     <span class='ocr_line' id='line_1_28' title="bbox 1172 3907 4251 4014; baseline -0.002 -24"><span class='ocrx_word' id='word_1_219' title='bbox 1172 3937 1177 3942; x_wconf 87' lang='lat'><em>·</em></span> <span class='ocrx_word' id='word_1_220' title='bbox 1247 3915 1793 4014; x_wconf 67' lang='lat' dir='ltr'><em>Oryctoynosiam</em></span> <span class='ocrx_word' id='word_1_221' title='bbox 1856 3917 2153 4010; x_wconf 83' lang='lat' dir='ltr'><em>exponet</em></span> <span class='ocrx_word' id='word_1_222' title='bbox 2200 3910 2284 3985; x_wconf 88' lang='lat' dir='ltr'><em>P.</em></span> <span class='ocrx_word' id='word_1_223' title='bbox 2331 3909 2400 3985; x_wconf 83' lang='lat' dir='ltr'><em>J.</em></span> <span class='ocrx_word' id='word_1_224' title='bbox 2457 3908 2524 3983; x_wconf 93' lang='lat' dir='ltr'><em>J.</em></span> <span class='ocrx_word' id='word_1_225' title='bbox 2575 3931 2672 3982; x_wconf 73' lang='lat' dir='ltr'><em>nn</em></span> <span class='ocrx_word' id='word_1_226' title='bbox 2714 3907 3110 3997; x_wconf 62' lang='lat' dir='ltr'><em>Fumat,</em></span> <span class='ocrx_word' id='word_1_227' title='bbox 3175 3907 3426 3984; x_wconf 84' lang='lat' dir='ltr'><em>diebus</em></span> <span class='ocrx_word' id='word_1_228' title='bbox 3490 3909 3696 3986; x_wconf 81' lang='lat' dir='ltr'><em>lunae</em></span> <span class='ocrx_word' id='word_1_229' title='bbox 3765 3916 3836 3985; x_wconf 90' lang='lat' dir='ltr'><em>et</em></span> <span class='ocrx_word' id='word_1_230' title='bbox 3895 3909 4135 3984; x_wconf 85' lang='lat' dir='ltr'><em>martis</em></span> <span class='ocrx_word' id='word_1_231' title='bbox 4152 3969 4172 4000; x_wconf 91' lang='lat'>‚</span> <span class='ocrx_word' id='word_1_232' title='bbox 4241 3909 4251 3916; x_wconf 74' lang='grc'><strong>”</strong></span> 
     </span>
     <span class='ocr_line' id='line_1_29' title="bbox 1134 4034 1451 4110; baseline -0.006 0"><span class='ocrx_word' id='word_1_233' title='bbox 1134 4034 1305 4110; x_wconf 68' lang='lat' dir='ltr'><em>hora</em></span> <span class='ocrx_word' id='word_1_234' title='bbox 1350 4034 1451 4108; x_wconf 96' lang='lat' dir='ltr'><em>II.</em></span> 
     </span>
    </p>

    <p class='ocr_par' dir='ltr' id='par_1_16' title="bbox 1135 4123 4172 4355">
     <span class='ocr_line' id='line_1_30' title="bbox 1246 4123 4172 4256; baseline -0.002 -27"><span class='ocrx_word' id='word_1_235' title='bbox 1246 4155 1627 4256; x_wconf 67' lang='lat' dir='ltr'><em>Geoloqiam</em></span> <span class='ocrx_word' id='word_1_236' title='bbox 1677 4152 1903 4229; x_wconf 85' lang='lat' dir='ltr'><em>tradet</em></span> <span class='ocrx_word' id='word_1_237' title='bbox 1953 4152 2032 4228; x_wconf 94' lang='lat' dir='ltr'><em>P.</em></span> <span class='ocrx_word' id='word_1_238' title='bbox 2081 4152 2148 4229; x_wconf 90' lang='lat' dir='ltr'><em>J.</em></span> <span class='ocrx_word' id='word_1_239' title='bbox 2196 4152 2263 4226; x_wconf 93' lang='lat' dir='ltr'><em>J.</em></span> <span class='ocrx_word' id='word_1_240' title='bbox 2306 4173 2404 4227; x_wconf 78' lang='lat' dir='ltr'><em>nr.</em></span> <span class='ocrx_word' id='word_1_241' title='bbox 2441 4123 2801 4226; x_wconf 57' lang='lat' dir='ltr'><em>Faunum</em></span> <span class='ocrx_word' id='word_1_242' title='bbox 2819 4207 2840 4240; x_wconf 93' lang='lat'><em>,</em></span> <span class='ocrx_word' id='word_1_243' title='bbox 2891 4149 3140 4225; x_wconf 84' lang='lat' dir='ltr'><em>diebus</em></span> <span class='ocrx_word' id='word_1_244' title='bbox 3185 4147 3503 4225; x_wconf 85' lang='lat' dir='ltr'><em>mercurii</em></span> <span class='ocrx_word' id='word_1_245' title='bbox 3543 4147 3714 4224; x_wconf 82' lang='lat' dir='ltr'><em>iovis</em></span> <span class='ocrx_word' id='word_1_246' title='bbox 3757 4157 3830 4224; x_wconf 88' lang='lat' dir='ltr'><em>et</em></span> <span class='ocrx_word' id='word_1_247' title='bbox 3873 4150 4172 4237; x_wconf 74' lang='lat' dir='ltr'><em>veneria,</em></span> 
     </span>
     <span class='ocr_line' id='line_1_31' title="bbox 1135 4275 1457 4355; baseline -0.019 0"><span class='ocrx_word' id='word_1_248' title='bbox 1135 4278 1301 4355; x_wconf 68' lang='lat' dir='ltr'><em>hora</em></span> <span class='ocrx_word' id='word_1_249' title='bbox 1355 4275 1457 4350; x_wconf 94' lang='lat' dir='ltr'><em>II.</em></span> 
     </span>
    </p>

    <p class='ocr_par' dir='ltr' id='par_1_17' title="bbox 1140 4386 4174 4606">
     <span class='ocr_line' id='line_1_32' title="bbox 1240 4386 4174 4497; baseline -0.004 -25"><span class='ocrx_word' id='word_1_250' title='bbox 1240 4397 1733 4497; x_wconf 65' lang='lat' dir='ltr'><em>Geoyrapkiam</em></span> <span class='ocrx_word' id='word_1_251' title='bbox 1761 4398 2118 4496; x_wconf 71' lang='lat' dir='ltr'><em>physicam</em></span> <span class='ocrx_word' id='word_1_252' title='bbox 2164 4391 2442 4468; x_wconf 86' lang='lat' dir='ltr'><em>docebit</em></span> <span class='ocrx_word' id='word_1_253' title='bbox 2478 4393 2561 4468; x_wconf 92' lang='lat' dir='ltr'><em>P.</em></span> <span class='ocrx_word' id='word_1_254' title='bbox 2607 4391 2676 4466; x_wconf 93' lang='lat' dir='ltr'><em>J.</em></span> <span class='ocrx_word' id='word_1_255' title='bbox 2715 4389 2785 4464; x_wconf 92' lang='lat' dir='ltr'><em>J.</em></span> <span class='ocrx_word' id='word_1_256' title='bbox 2832 4412 2930 4464; x_wconf 69' lang='lat' dir='ltr'><em>na</em></span> <span class='ocrx_word' id='word_1_257' title='bbox 2967 4390 3328 4466; x_wconf 64' lang='lat' dir='ltr'><em>Funam-</em></span> <span class='ocrx_word' id='word_1_258' title='bbox 3372 4386 3483 4463; x_wconf 84' lang='lat' dir='ltr'><em>bis</em></span> <span class='ocrx_word' id='word_1_259' title='bbox 3529 4411 3654 4488; x_wconf 88' lang='lat' dir='ltr'><em>per</em></span> <span class='ocrx_word' id='word_1_260' title='bbox 3691 4387 3962 4464; x_wconf 80' lang='lat' dir='ltr'><em>dierum</em></span> <span class='ocrx_word' id='word_1_261' title='bbox 4007 4387 4174 4462; x_wconf 90' lang='lat' dir='ltr'><em>heb-</em></span> 
     </span>
     <span class='ocr_line' id='line_1_33' title="bbox 1140 4510 2676 4606; baseline -0.005 -13"><span class='ocrx_word' id='word_1_262' title='bbox 1140 4517 1509 4593; x_wconf 88' lang='lat' dir='ltr'><em>domadem</em></span> <span class='ocrx_word' id='word_1_263' title='bbox 1522 4573 1543 4606; x_wconf 93' lang='lat'><em>,</em></span> <span class='ocrx_word' id='word_1_264' title='bbox 1593 4516 1760 4593; x_wconf 72' lang='lat' dir='ltr'><em>hora</em></span> <span class='ocrx_word' id='word_1_265' title='bbox 1810 4513 2243 4592; x_wconf 79' lang='lat' dir='ltr'><em>auditoribus</em></span> <span class='ocrx_word' id='word_1_266' title='bbox 2290 4510 2676 4588; x_wconf 68' lang='lat' dir='ltr'><em>commoda.</em></span> 
     </span>
    </p>

    <p class='ocr_par' dir='ltr' id='par_1_18' title="bbox 1144 4627 4180 4834">
     <span class='ocr_line' id='line_1_34' title="bbox 1238 4627 4180 4734; baseline -0.004 -22"><span class='ocrx_word' id='word_1_267' title='bbox 1238 4637 1902 4714; x_wconf 69' lang='lat' dir='ltr'><em>Eecercitationibus</em></span> <span class='ocrx_word' id='word_1_268' title='bbox 1942 4633 2439 4734; x_wconf 66' lang='lat' dir='ltr'><em>mineraloqicis</em></span> <span class='ocrx_word' id='word_1_269' title='bbox 2471 4631 2796 4730; x_wconf 60' lang='lat' dir='ltr'><em>praeerit</em></span> <span class='ocrx_word' id='word_1_270' title='bbox 2834 4631 2916 4706; x_wconf 93' lang='lat' dir='ltr'><em>P.</em></span> <span class='ocrx_word' id='word_1_271' title='bbox 2961 4629 3030 4706; x_wconf 87' lang='lat' dir='ltr'><em>J.</em></span> <span class='ocrx_word' id='word_1_272' title='bbox 3065 4630 3142 4706; x_wconf 85' lang='lat' dir='ltr'><em>J.</em></span> <span class='ocrx_word' id='word_1_273' title='bbox 3181 4653 3278 4706; x_wconf 75' lang='lat' dir='ltr'><em>m.</em></span> <span class='ocrx_word' id='word_1_274' title='bbox 3323 4631 3682 4705; x_wconf 65' lang='lat' dir='ltr'><em>Fanum</em></span> <span class='ocrx_word' id='word_1_275' title='bbox 3722 4629 3835 4705; x_wconf 91' lang='lat' dir='ltr'><em>die</em></span> <span class='ocrx_word' id='word_1_276' title='bbox 3875 4627 4180 4714; x_wconf 83' lang='lat' dir='ltr'><em>saturni,</em></span> 
     </span>
     <span class='ocr_line' id='line_1_35' title="bbox 1144 4755 1636 4834; baseline -0.004 0"><span class='ocrx_word' id='word_1_277' title='bbox 1144 4756 1313 4834; x_wconf 62' lang='lat' dir='ltr'><em>hora</em></span> <span class='ocrx_word' id='word_1_278' title='bbox 1359 4755 1636 4832; x_wconf 86' lang='lat'><strong>1—111.</strong></span> 
     </span>
    </p>
   </div>
   <div class='ocr_carea' id='block_1_4' title="bbox 4605 1258 4611 4928">
    <p class='ocr_par' dir='ltr' id='par_1_19' title="bbox 4605 1258 4611 4928">
     <span class='ocr_line' id='line_1_36' title="bbox 4605 1258 4611 4928; baseline 0 0"><span class='ocrx_word' id='word_1_279' title='bbox 4605 1258 4611 4928; x_wconf 95' lang='lat' dir='ltr'><em> </em></span> 
     </span>
    </p>
   </div>
   <div class='ocr_carea' id='block_1_5' title="bbox 4604 1258 4612 5326">
    <p class='ocr_par' dir='ltr' id='par_1_20' title="bbox 4604 1258 4612 5326">
     <span class='ocr_line' id='line_1_37' title="bbox 4604 1258 4612 5326; baseline 0 0"><span class='ocrx_word' id='word_1_280' title='bbox 4604 1258 4612 5326; x_wconf 95' lang='lat' dir='ltr'><em> </em></span> 
     </span>
    </p>
   </div>
   <div class='ocr_carea' id='block_1_6' title="bbox 4604 1258 4613 5972">
    <p class='ocr_par' dir='ltr' id='par_1_21' title="bbox 4604 1258 4613 5972">
     <span class='ocr_line' id='line_1_38' title="bbox 4604 1258 4613 5972; baseline 0 0"><span class='ocrx_word' id='word_1_281' title='bbox 4604 1258 4613 5972; x_wconf 95' lang='lat' dir='ltr'><em> </em></span> 
     </span>
    </p>
   </div>
  </div>
 </body>
</html>
