4766 6034
1068 640 1195 704 128
2207 637 2964 706 nunnAAR

1062 855 1333 922 caterva
1373 889 1472 902 —
1511 845 1824 921 dicturus
1848 869 2026 922 sum.
2090 847 2200 921 Ex
2239 847 2929 924 honorificentissimo
2949 845 3167 946 Regis
3186 845 3462 922 decreto
3484 847 3961 922 Professor-am
3978 870 4123 920 nu-

1065 992 1256 1043 mero
1300 967 1690 1067 adscriptus
1729 973 1939 1065 atque
1976 967 2052 1040 in
2090 968 2268 1043 hanc
2309 969 2546 1043 sedem
2593 974 2950 1056 evocatus,
2996 992 3160 1042 cum
3196 967 3551 1044 Historiae
3590 967 4123 1057 Ecclesiasticae

1061 1097 1218 1164 tum
1265 1087 1676 1187 Theologiae
1723 1087 2010 1162 Moralis
2055 1089 2478 1187 provinciam
2520 1088 3011 1164 demandatam
3054 1088 3229 1162 mihi
3273 1088 3513 1179 vide03
3563 1113 3863 1189 quarum
3910 1087 4125 1162 disci·

1059 1210 1408 1309 plinarum
1476 1209 1708 1283 studia
1779 1232 1920 1308 quo
1983 1208 2204 1309 pluris
2289 1209 2539 1286 faciam
2561 1268 2582 1298 ,
2666 1235 2751 1283 eo
2811 1207 3037 1308 magis
3093 1233 3207 1283 me
3264 1209 3626 1309 perturbet
3676 1233 3955 1284 necesse
4010 1217 4129 1282 est

1060 1329 1355 1429 insignis
1374 1388 1395 1418 ,
1458 1355 1635 1428 quae
1697 1328 1788 1403 ad
1845 1328 1975 1403 hoc
2037 1330 2412 1429 requiritur
2428 1390 2449 1420 ,
2507 1329 2856 1405 doctrinae
2898 1335 3109 1427 atque
3162 1328 3571 1404 eruditionis
3612 1329 3829 1429 copia.
3930 1329 4125 1402 Sunt

1067 1449 1202 1524 alia
1243 1474 1554 1549 quoque,
1606 1473 1784 1549 quae
1829 1449 1904 1522 in
1956 1451 2377 1549 auspicando
2427 1451 2557 1525 hoc
2608 1473 2897 1524 munere
2942 1456 3211 1523 metum
3265 1456 3590 1549 augeant.
3689 1450 4123 1524 Pmmrrtm

1063 1572 1790 1658 Mnnmcnrnonnu‚
1843 1594 2198 1646 summum
2250 1571 2718 1670 Theologum,
2770 1560 3211 1668 eundemque
3256 1568 3331 1642 in
3378 1569 3705 1646 omnibns
3749 1568 4121 1644 humanio-
4174 1661 4199 1682 ‚

1061 1691 1258 1766 ribus
1301 1690 1548 1765 litteris
1587 1697 1797 1789 atque
1841 1689 2107 1764 artibus
2151 1689 2417 1763 nemini
2462 1689 2888 1776 secundum,-
2938 1711 3159 1785 quum
3212 1693 3409 1762 tener
3448 1687 3677 1762 adhuc
3722 1684 3993 1761 iuvenis
4036 1686 4121 1760 in

1061 1812 1538 1887 Professorum
1605 1810 1920 1884 ordinem
1986 1809 2436 1909 reciperetur,
2510 1809 2747 1883 statim
2811 1805 3165 1882 Orationis
3226 1807 3655 1908 lnaugnralis
3710 1831 3877 1882 suae
3914 1831 4121 1906 prae·

1066 1933 1322 2033 stantia
1379 1931 1749 2028 Latinique
1815 1929 2148 2004 sermonis
2191 1928 2535 2028 elegantia
2568 1929 2967 2004 auditorum
3014 1927 3330 2002 omnium
3369 1951 3571 2003 aures
3602 1934 3813 2026 atque
3844 1927 4123 2002 animos

1066 2051 1240 2127 adeo
1287 2050 1696 2125 demulsisse
1751 2047 2026 2146 sibique
2073 2047 2461 2122 devinxisse
2512 2047 2809 2145 legimus
2826 2105 2849 2136 ,
2898 2053 2980 2120 ut
3016 2045 3091 2120 hi
3132 2053 3407 2123 tenerae
3444 2048 3597 2123 eius
3638 2047 3884 2124 aetatis
3920 2073 4119 2148 pror-

1069 2197 1188 2247 sus
1240 2171 1476 2258 obliti,
1527 2168 1972 2245 laetissimam
2016 2167 2104 2240 de
2144 2165 2298 2265 ipso
2343 2189 2540 2266 spem
2580 2174 2792 2265 atque
2831 2167 3415 2264 exspectationem
3460 2175 3631 2262 (non
3667 2192 3917 2243 vanam
3953 2193 4121 2267 pro-

1063 2292 1244 2367 fecto
1291 2292 1480 2366 illam
1503 2292 1550 2382 !)
1623 2290 1856 2364 animo
1919 2287 2376 2387 conciperent.
2479 2289 2579 2362 At
2632 2311 2937 2386 quonam
2984 2287 3216 2362 animo
3274 2288 3495 2382 (haud
3539 2294 3937 2389 arroganter
3982 2288 4121 2362 hoc

1064 2438 1106 2488 a
1145 2437 1260 2487 me
1302 2405 1568 2486 (fictum
1620 2409 2002 2485 existimari
2041 2407 2246 2482 velim
2292 2451 2397 2468 --
2425 2431 2681 2506 magna
2700 2426 3109 2506 componere
3132 2408 3359 2507 parvis
3380 2409 3647 2503 liceatl)
3700 2419 3933 2509 atquo
3954 2417 4119 2484 tan-

1062 2534 1225 2608 dem
1288 2557 1400 2606 me
1459 2531 1694 2606 animo
1765 2555 1915 2605 esse
1977 2527 2271 2604 censetis
2291 2585 2312 2617 ,
2383 2553 2606 2627 quum
2676 2527 2845 2602 haec
2896 2528 3249 2618 recordor,
3318 2553 3704 2628 quumque,
3734 2530 3827 2606 ad
3879 2554 4121 2606 meam

1063 2661 1362 2729 aetatem
1405 2652 1544 2725 iam
1587 2649 2079 2750 provectiorem
2123 2655 2195 2723 et
2240 2647 2575 2723 sermonis
2610 2648 2749 2722 mei
2780 2655 3159 2748 egestatem
3202 2673 3403 2724 mens
3449 2674 3605 2724 mea
3644 2650 3753 2724 vel
3784 2650 4123 2750 cogitatio

1064 2773 1264 2848 redit.
1365 2772 1520 2846 Etsi
1574 2770 1760 2858 enim
1779 2828 1800 2860 ,
1868 2794 2092 2868 quum
2141 2769 2291 2868 ipse
2333 2768 2563 2844 adhuc
2610 2769 2877 2844 iuvenis
2930 2767 3183 2844 studiis
3234 2792 3516 2867 operam
3562 2739 3887 2844 navatem
3904 2828 3925 2858 ,
3972 2769 4117 2844 La-

1063 2894 1208 2968 tine
1269 2889 1612 2966 scribendi
1675 2870 1746 2964 et
1808 2889 2140 2988 loquendi
2201 2888 2394 2962 haud
2462 2913 2745 2987 prorsus
2806 2889 3093 2988 ignarus
3161 2887 3273 2962 vel
3324 2888 3641 2964 insuetus
3706 2889 3959 2964 fuerim
4007 2933 4123 2952 —-

1065 3013 1322 3089 scilicet
1364 3012 1493 3087 hoc
1541 3017 1743 3111 turpe
1785 3036 1866 3086 ac
1903 3008 2220 3085 dedecori
2260 3009 2687 3085 censendum
2718 3008 2965 3085 fuisset
3008 3007 3345 3108 discipulo
3388 3034 3427 3083 e
3474 3009 3813 3109 Lennepii
3858 3007 4120 3085 scholis

1058 3134 1362 3233 profecto
1406 3174 1511 3193 -
1555 3156 1744 3207 nunc
1791 3138 2027 3205 tamen
2047 3188 2070 3218 ,
2141 3154 2302 3204 cum
2321 3188 2344 3218 ‚
2411 3138 2570 3229 post
2629 3130 3131 3205 Academicum
3180 3128 3485 3203 stadium
3534 3129 3939 3218 decursum,
4008 3130 4117 3203 vi·

1059 3254 1271 3355 giuti,
1322 3261 1393 3327 et
1443 3252 1632 3351 quod
1681 3250 1982 3327 excurrit
1999 3308 2020 3339 ‚
2069 3248 2235 3324 anni
2276 3250 2724 3349 praeterlapsi
2776 3249 2955 3339 sint,
3006 3250 3193 3324 hunc
3240 3248 3477 3324 Latini
3518 3248 3849 3323 sermonis
3896 3272 4117 3323 usum

1061 3375 1236 3449 mihi
1278 3397 1557 3472 prorsus
1605 3372 1680 3445 in
1724 3371 2258 3445 desuetudinem
2299 3370 2552 3444 abiisse
2582 3412 2681 3429 —-
2723 3370 3020 3470 quisque
3060 3413 3161 3429 -
3200 3370 3309 3444 vel
3348 3394 3463 3443 me
3504 3376 3775 3445 tacente
3802 3414 3905 3430 —
3938 3368 4116 3443 satis

1059 3494 1402 3591 intelliget
1419 3551 1440 3580 ‚
1507 3498 1578 3566 et
1661 3490 1836 3565 mihi
1909 3491 2214 3590 ingenue
2291 3488 2468 3564 illud
2520 3488 2877 3565 confitenti
2940 3488 3138 3569 facile
3200 3488 3643 3564 condonabit.
3742 3488 4117 3563 Accedunt

1064 3613 1317 3687 eximia
1385 3611 1588 3710 plane
1641 3635 1806 3709 erga
1850 3610 2247 3709 disciplinas
2309 3610 2462 3684 illas
2476 3668 2497 3699 ‚
2564 3634 2740 3709 quas
2807 3609 3153 3686 docendas
3212 3634 3293 3684 ac
3344 3609 3735 3685 tractandas
3792 3609 4114 3707 suscepi,

1059 3733 1532 3805 RorAAansu
1581 3731 1847 3805 merita.
1953 3732 2155 3807 Quae
2210 3738 2475 3828 quanta
2529 3738 2603 3803 et
2665 3731 2897 3829 qualia
2948 3730 3207 3807 fuerint
3253 3732 3406 3832 ipsa
3446 3740 3741 3807 mortem
3796 3732 3945 3805 eius
3996 3730 4111 3805 lu-

1061 3834 1236 3950 gens
1300 3850 1582 3948 agnovit
1635 3849 2014 3924 Academia
2075 3848 2483 3927 Traiectina.
2584 3850 2799 3929 Quod
2844 3857 2917 3925 et
2962 3876 3083 3927 vos
3135 3876 3299 3950 prae
3342 3850 3497 3926 aliis
3544 3858 3975 3951 compertum
4031 3858 4115 3925 et

1043 3977 1498 4071 ‘perspectum
1563 3968 1835 4043 habetis
1854 4026 1875 4056 ,
1941 3967 2093 4041 Viri
2153 3968 2571 4044 Clarissimi!
2640 3970 2767 4068 qui
2805 3969 3467 4045 desideratissimum
3516 3971 3743 4045 virum
3786 3978 3931 4045 tam
3976 3970 4111 4045 diu

1059 4092 1360 4165 fraterno
1405 4088 1706 4188 amplexi
1750 4088 1922 4162 estis
1957 4090 2226 4163 amore!
2277 4096 2350 4163 et
2396 4114 2549 4178 vos,
2600 4090 2863 4189 egregii
2904 4091 3237 4165 Iuvenes!
3304 4090 3427 4189 qui
3474 4092 3941 4165 Roraaansn
3994 4090 4107 4163 di-

1057 4211 1342 4310 scipulis
1419 4234 1536 4284 vos
1609 4232 1888 4307 quoque
1958 4208 2516 4283 annumerandos
2579 4234 2729 4284 esse
2799 4216 2985 4284 recte
3045 4210 3475 4315 gloriamini,
3540 4218 3611 4285 et
3672 4209 4109 4285 dilectissimi

1056 4329 1524 4429 Praeceptoris
1589 4327 1967 4427 imaginem
2033 4337 2104 4404 et
2166 4328 2567 4404 memoriam
2588 4387 2607 4417 ‚
2677 4328 2865 4403 haud
2919 4354 3230 4429 unquam
3276 4331 3649 4429 perituram
3670 4388 3691 4419 ‚
3753 4329 3968 4404 veluti
4020 4329 4105 4403 in

977 4468 984 4478 '
1057 4452 1281 4527 cordis
1339 4448 1808 4549 penetralibus
1866 4449 2290 4523 reconditam
2340 4449 2623 4523 servatis
2644 4507 2663 4537 ‚
2713 4449 2806 4524 ad
2854 4474 3101 4549 rogum
3148 4474 3371 4548 usque
3424 4450 3540 4548 pio
3584 4474 3817 4525 amore
3868 4448 4103 4523 colen·

1060 4572 1259 4645 dam!
1363 4568 1558 4647 Quid
1597 4568 1900 4667 denique
1944 4592 2476 4643 commemorem
2519 4576 2945 4669 temporum,
2996 4594 3185 4669 quae
3219 4568 3547 4657 vivimus,
3594 4570 4102 4658 conditionem,

1051 4688 1686 4789 ingravescentibus
1751 4689 1826 4761 in
1893 4688 2042 4764 dies
2103 4688 2376 4779 litibus,
2448 4696 2595 4763 tam
2668 4698 3013 4765 commota
3077 4676 3149 4768 et
3208 4696 3353 4763 tam
3414 4691 3853 4789 perturbata,
3912 4714 4103 4789 quae

1053 4808 1451 4885 Academici
1515 4807 1820 4882 muneris
1837 4865 1858 4897 ,
1929 4808 2120 4907 quod
2159 4808 2356 4884 'mihi
2412 4809 2809 4909 imponatur
2827 4868 2848 4899 ‚
2913 4836 3091 4886 onus
3105 4869 3125 4901 ,
3186 4832 3457 4910 semper
3520 4836 3727 4910 grave
3776 4810 3952 4885 illud
4012 4834 4105 4885 ac
