4766 6034
1226 591 1355 660 282
2419 589 2490 658 E.
2558 590 2617 658 J.
2686 589 3063 670 KIEHL,

1221 798 1464 874 sistere
1525 795 1667 875 fere
1733 821 1877 874 non
1938 804 2166 896 potest
2229 796 2320 872 ab
2395 821 2479 872 eo
2546 796 2712 874 inde
2758 805 3069 898 tempore
3090 854 3112 886 ,
3176 821 3263 874 ex
3316 821 3459 898 quo
3508 819 3783 874 summa
3834 798 4206 898 cognitionis

1217 924 1493 994 nostrae
1553 917 1647 994 ab
1705 917 1954 992 eodem
2019 915 2302 992 homine
2367 941 2509 994 uno
2555 917 2777 994 teneri
2818 916 3151 1020 nequivit.
3252 917 3387 992 Isti
3440 918 3629 994 enim
3680 925 3753 994 et
3778 918 4025 994 dicere
4064 919 4209 996 sob-

1207 1037 1392 1116 bant
1453 1061 1686 1113 coram
1753 1035 2186 1112 auditoribus
2207 1093 2229 1125 ,
2299 1043 2372 1112 et
2430 1036 2822 1114 scribebant
2892 1038 3057 1115 solis
3132 1036 3627 1122 excultion'bus
3644 1096 3667 1128 ,
3736 1037 3863 1136 qui
3916 1038 4037 1112 uni
4092 1039 4213 1113 fere

1215 1155 1386 1232 satis
1427 1156 1790 1258 legebant3
1840 1157 2066 1232 omnis
2107 1156 2360 1243 deinde
2404 1158 2715 1258 ipsorum
2753 1157 3106 1258 cogitandi
3142 1157 3319 1240 ratio
3358 1180 3446 1238 ex
3484 1157 3985 1257 colloquiorum
4016 1157 4214 1256 potius

1215 1275 1540 1352 mutabili
1583 1277 1907 1352 varietate
1923 1332 1946 1367 ,
1997 1263 2208 1375 quam
2253 1301 2342 1378 εξ
2390 1277 2643 1353 severis
2692 1284 2765 1354 et
2812 1277 2973 1352 ideo
3022 1299 3225 1377 saepe
3268 1277 3755 1354 remotioribus
3806 1275 4055 1351 studiis
4092 1286 4215 1351 emt

1213 1396 1542 1472 derivata.
1640 1396 2060 1496 Eloquentia
2112 1404 2267 1471 tum
2309 1395 2601 1471 florebat
2617 1455 2639 1486 ,
2702 1403 2943 1496 utpote
2992 1394 3473 1495 potentissima
3492 1453 3515 1486 ,
3564 1420 3853 1496 poeseos
3904 1395 4071 1469 item
4104 1393 4216 1468 hoc

1215 1524 1364 1592 eret
1410 1541 1660 1592 aevum
1682 1575 1703 1606 ‚
1774 1539 1902 1592 nec
1953 1517 2016 1591 si
2057 1516 2216 1615 quis
2259 1515 2333 1590 in
2390 1516 2928 1622 elegantioribus
2969 1523 3386 1605 versaretur,
3455 1513 3617 1591 ideo
3666 1523 3749 1591 ut
3796 1537 3991 1590 nunc
4024 1513 4215 1588 aliena

1211 1661 1258 1710 a
1301 1635 1756 1711 severioribus
1805 1636 2069 1711 ratione
2113 1635 2501 1727 scribebat,
2564 1637 2891 1736 quoniam
2938 1642 3316 1734 utrumque
3338 1692 3361 1724 ,
3410 1635 3601 1734 quod
3648 1635 3893 1710 saltem
3950 1632 4043 1710 ad
4078 1632 4215 1707 scri-

1213 1755 1430 1830 bendi
1465 1762 1684 1832 artem
1733 1754 2035 1855 pertinet
2055 1812 2077 1844 ,
2141 1754 2459 1831 nondum
2500 1757 2675 1832 adeo
2728 1757 3081 1832 divolsum
3118 1763 3304 1832 esset
3340 1761 3415 1830 et
3454 1761 3871 1853 separatum.
3972 1754 4217 1830 Desunt

1213 1873 1561 1950 veteribus
1627 1875 1972 1973 permulta
1993 1930 2013 1964 ,
2089 1873 2348 1973 quibus
2420 1876 2641 1950 nostri
2692 1874 2837 1952 iam
2894 1875 3206 1975 gaudent
3266 1874 3589 1973 aequales
3608 1931 3631 1962 ‚
3696 1874 3825 1950 sed
3894 1897 4071 1972 quae
4112 1873 4217 1947 ha·

1211 1995 1424 2068 buere
1438 2051 1460 2083 ,
1529 1995 1770 2068 eorum
1830 1993 2038 2092 longe
2103 1992 2439 2068 maiorem
2478 2001 2748 2094 partem
2793 1995 3213 2094 coniungere
3256 1994 3545 2068 firmiter
3582 2001 3659 2068 et
3700 1993 3915 2068 simul
3966 2016 4219 2068 omnem

1205 2107 1488 2189 cernere
1559 2119 1630 2188 et
1696 2136 2075 2212 proponere
2143 2112 2344 2190 licuit
2361 2171 2385 2204 ,
2451 2138 2667 2212 qnam
2714 2113 2939 2190 nobis.
3038 2114 3331 2190 Summa
3380 2114 3597 2214 igitur
3650 2093 4086 2212 antiquitatis
4126 2113 4215 2186 in·

1205 2234 1416 2332 genia
1432 2290 1453 2322 ,
1497 2235 1960 2308 Anscnnmr
2007 2232 2204 2323 dico,
2249 2235 2746 2310 Tnucrmmm
2768 2241 2843 2308 et
2867 2234 3458 2309 Ausi-omnum:
3477 2291 3499 2322 ,
3544 2233 3957 2308 Pur-cmm
3990 2231 4217 2307 deinde

1205 2360 1280 2427 et
1325 2353 1852 2428 Anmroriinnu
1895 2358 1968 2426 et
2003 2351 2581 2428 Dnnosrnnm
2599 2411 2623 2444 ,
2670 2360 2745 2428 et
2780 2353 2873 2427 de
2918 2351 3187 2428 Latinis
3230 2375 3394 2428 cum
3428 2353 3807 2428 Olenon
3842 2354 4219 2428 Cassam

1207 2473 1686 2569 TAorrmrque
1747 2471 1812 2546 si
1861 2470 2022 2569 quis
2087 2471 2308 2571 legat,
2376 2471 2605 2547 multo
2664 2472 2951 2572 propius
3004 2472 3098 2547 sd
3156 2472 3559 2548 universum
3616 2472 3933 2572 ipsorum
3994 2495 4219 2548 aevum

1201 2591 1484 2668 accedet
1501 2649 1522 2681 ,
1569 2598 1646 2665 et
1693 2590 1932 2666 omnia
1977 2591 2116 2667 huc
2165 2592 2551 2692 spectantia
2598 2591 3133 2691 complectetur,
3194 2615 3411 2692 qnam
3456 2591 3519 2667 si
3554 2591 3777 2668 nostri
3816 2590 4079 2667 saeculi
4110 2589 4218 2665 ali·

1029 2691 1050 2710 ⁶
1203 2733 1418 2809 quem
1485 2709 1886 2810 scriptorem
1907 2767 1932 2799 ,
1994 2711 2120 2809 qui
2179 2711 2527 2810 permulta
2582 2735 2667 2788 ea
2728 2711 3016 2787 demum
3070 2711 3228 2812 lege
3276 2711 3661 2812 perspicere
3712 2710 3987 2787 valant
4006 2769 4033 2802 ,
4074 2717 4149 2784 ut
4184 2733 4222 2782 a

1201 2830 1450 2906 ceteris
1486 2853 1768 2929 prorsus
1813 2830 2032 2905 aversi
2081 2829 2220 2906 huc
2263 2853 2509 2906 omnes
2542 2830 3005 2906 converterint
3038 2829 3304 2930 ingenii
3347 2829 3547 2906 vires.
3621 2829 3947 2905 Pulchris
3992 2828 4223 2904 deinde

1201 2948 1442 3025 formis
1503 2947 1672 3026 olim
1729 2950 1958 3050 magis
2017 2948 2166 3025 fere
2233 2950 2616 3027 studebant
2676 2973 2895 3051 quam
2958 2971 3149 3027 nunc
3212 2949 3549 3041 solemus,
3617 2959 3691 3027 et
3734 2975 3879 3026 non
3929 2947 4221 3051 pulchris

1198 3076 1514 3160 tantum,
1583 3070 1709 3145 sed
1779 3069 1998 3146 etiam
2069 3070 2603 3170 simplicioribus
2672 3079 2745 3147 et
2808 3096 2991 3171 quae
3048 3070 3323 3148 facilius
3375 3070 3893 3171 perspiciuntur
3913 3127 3935 3159 ,
4002 3072 4101 3147 sic
4156 3070 4221 3143 in

1200 3188 1556 3289 tragoedia
1573 3247 1597 3280 ,
1665 3190 1764 3265 sic
1824 3190 1902 3263 in
1965 3189 2537 3289 argumentando.
2635 3190 3036 3281 Accedunt,
3111 3214 3289 3290 quae
3356 3189 3765 3290 gravissima
3838 3191 3981 3265 fere
4050 3197 4219 3265 sunt.

1200 3310 1342 3385 Eos
1383 3332 1562 3408 quos
1603 3308 1751 3383 dixi
1766 3366 1790 3397 ,
1855 3316 1928 3383 et
1967 3309 2399 3409 reliquorum
2444 3308 2711 3409 aliquos
2745 3309 2943 3385 haud
2984 3332 3240 3410 magno
3285 3334 3578 3403 numero
3600 3366 3621 3399 ‚
3686 3334 3729 3384 e
3772 3308 4041 3407 quibus
4082 3308 4221 3384 Hr-

1199 3450 1556 3527 nonormr
1613 3434 1688 3501 et
1751 3428 2200 3503 Sornocmm
2243 3428 2797 3527 Hominumque
2854 3437 2933 3503 et
2992 3427 3409 3505 memn
3468 3438 3542 3503 et
3600 3428 3891 3504 Ervum
3950 3428 4221 3503 honoris

1199 3569 1410 3622 causa
1459 3546 1743 3620 nomino
1763 3604 1783 3635 ‚
1831 3548 2068 3622 cuncti
2111 3547 2255 3624 iam
2295 3547 2737 3648 agnoscimus
2782 3548 3143 3649 scriptores
3182 3548 3401 3625 fuisse
3446 3547 3763 3649 egregios
3780 3604 3803 3637 ,
3852 3548 4221 3647 multisque

1199 3662 1600 3742 nominibus
1645 3688 1860 3763 quam
1897 3666 2200 3743 maxime
2249 3666 2637 3743 laudabiles
2652 3699 2675 3743 z
2723 3667 2839 3743 his
2878 3692 3055 3743 suus
3098 3675 3205 3743 est
3242 3668 3441 3744 locus
3486 3676 3559 3743 et
3604 3667 3826 3743 honos
3868 3667 4063 3766 apud
4108 3691 4216 3741 ex-

1197 3783 1566 3861 cultiorem
1625 3782 2006 3883 quemlibet
2023 3842 2045 3874 ,
2115 3810 2346 3885 neque
2412 3786 2663 3862 horum
2714 3788 2971 3887 stnipta
3028 3812 3365 3887 umquam
3416 3810 3702 3886 prorsus
3762 3786 4218 3887 negligantur.

1196 3904 1671 3979 Mutabuntur
1743 3901 1892 3978 sine
1950 3904 2171 3980 dubio
2211 3898 2594 3981 'hominum
2660 3906 3019 4006 opiniones
3034 3964 3059 3996 ,
3126 3914 3201 3982 et
3264 3907 3500 4005 prouti
3566 3906 3659 3981 de
3728 3906 4181 4005 religionibus
4196 3962 4217 3994 ,

1197 4024 1430 4124 prouti
1475 4022 1564 4098 de
1607 4023 2006 4100 civitatibus
2050 4024 2372 4125 regendis
2415 4024 2815 4101 existimant
2830 4084 2854 4118 ,
2900 4026 3161 4101 multos
3200 4048 3406 4126 saepe
3448 4025 3865 4101 recentiores
3917 4024 4213 4124 alioquin

1195 4142 1512 4244 egregios
1527 4198 1551 4235 ,
1613 4152 1692 4219 at
1751 4143 1894 4219 sibi
1949 4146 2395 4233 adversantes
2446 4146 2817 4222 ‘damnabit
2874 4147 3357 4247 unusquisque
3375 4204 3401 4235 ,
3464 4154 3593 4221 aut
3656 4144 3929 4220 viliores
3988 4166 4217 4219 secum

1193 4262 1522 4340 facientes
1563 4262 1868 4339 nimium
1915 4265 2238 4356 extollet,
2303 4266 2433 4341 sed
2482 4290 2691 4342 nemo
2740 4266 3166 4343 Tnucmmr
3212 4289 3445 4340 rerum
3492 4264 3963 4365 cognitionem
4012 4264 4217 4339 dene·

1192 4382 1427 4483 gabit,
1487 4388 1614 4459 aut
1669 4406 2018 4461 summam
2081 4385 2443 4461 ommam
2500 4386 2965 4486 eloquentiam
3007 4384 3383 4463 laetissimo
3422 4362 3708 4485 ingenio.
3748 4383 4215 4467 coniunctam,

1192 4525 1400 4578 nemo
1427 4500 1800 4578 sustinebit
1826 4504 2286 4581 Anscnrnmr
2320 4504 2470 4609 dici
2486 4505 2837 4583 abiectmn
2855 4564 2883 4596 ‚
2932 4506 3039 4581 vel
3056 4504 3406 4606 frigidum
3433 4506 3793 4581 Ranamm
3816 4504 4214 4601 Avimnque

1193 4628 1470 4721 poetam
1490 4679 1512 4712 ,
1555 4645 1766 4698 nemo
1810 4622 2008 4699 facile
2053 4626 2389 4701 Pmrom
2402 4682 2425 4716 ‚
2472 4632 2597 4703 aut
2634 4626 2819 4701 Divo
2854 4625 2961 4701 illi
3012 4627 3229 4701 Iuno
3268 4648 3593 4701 emonam
3630 4622 3971 4725 detrahet.
4032 4620 4217 4695 Cum

1192 4748 1430 4819 antem
1479 4764 1722 4819 omnes
1769 4742 1846 4818 in
1870 4744 2270 4823 laudandis
2315 4744 2719 4823 hominibus
2760 4745 3275 4841 consentiemus
3290 4800 3313 4836 ,
3356 4744 3513 4821 fieri
3546 4766 3691 4821 non
3728 4750 3993 4844 potest,
4040 4738 4211 4837 quin
