4766 6034
1877 674 2431 746 ORATIO.
3580 677 3667 746 33

722 885 874 964 Nec
913 877 1171 964 frustra
1212 885 1284 962 in
1327 909 1410 961 ea
1453 883 1629 962 vires
1675 885 2178 985 ingeniumque
2225 890 2708 973 exercuerant3
2767 884 2911 960 iam
2958 890 3229 960 mature
3278 883 3465 960 enim
3503 911 3657 986 gra-

627 1007 905 1084 vissima
978 1007 1285 1084 remedia
1355 1004 1825 1107 therapeutica
1889 1007 2167 1107 cognita
2232 1005 2686 1104 adhibitaque
2770 1004 2985 1080 fuisse
3003 1065 3025 1095 ,
3121 1001 3289 1080 artis
3376 1013 3657 1083 nostrae

629 1127 1018 1204 salutiferae
1054 1128 1382 1203 docemur
1406 1125 1709 1202 historia.
1759 1127 1954 1203 Dum
1990 1127 2064 1202 in
2087 1126 2433 1203 medicina
2464 1151 2641 1200 nova
2674 1124 2748 1199 in
2782 1125 2931 1200 dies
2964 1132 3344 1224 systemata
3364 1150 3543 1226 prop
3554 1127 3658 1202 ul-

625 1247 939 1323 lulabant
957 1307 978 1338 ,
1027 1246 1411 1348 chirurgia,
1460 1270 1794 1322 novarum
1838 1271 2105 1338 rerum,
2152 1273 2326 1347 quas
2379 1245 2930 1346 unumquodque
2978 1246 3331 1322 saeculum
3382 1255 3654 1346 protru-

626 1365 836 1442 debat
894 1392 1060 1442 mox
1112 1365 1454 1466 perituras
1503 1365 1794 1466 aliisque
1844 1368 2073 1444 locum
2123 1392 2469 1456 cessurae,
2518 1366 2806 1442 minime
2860 1366 3114 1465 cupida
3134 1424 3154 1455 ,
3206 1367 3478 1443 munita
3534 1393 3661 1444 sua

624 1486 734 1563 via
773 1513 1014 1565 secura
1051 1486 1560 1586 tranquillaque
1601 1487 2034 1586 procedebat.
2090 1491 2340 1589 Itaque
2381 1487 2637 1564 sensim
2664 1487 3059 1586 sensimque
3085 1487 3445 1562 conditum
3469 1546 3490 1577 ,
3533 1513 3651 1563 ex-

625 1614 968 1682 structum
1013 1613 1557 1706 exornatumque
1589 1615 1696 1681 est
1736 1608 2122 1710 chirurgiae
2163 1610 2446 1684 firmum
2490 1608 2930 1707 solidumque
2974 1607 3365 1683 aedificium
3392 1667 3413 1698 ,
3458 1609 3658 1684 cuius

621 1726 1076 1803 fundamenta
1139 1727 1318 1803 iacta
1371 1733 1536 1802 sunt
1597 1728 2026 1827 temporibus
2043 1788 2064 1819 ,
2130 1755 2427 1829 quorum
2480 1729 2701 1828 caligo
2757 1727 3079 1803 historiae
3133 1728 3281 1803 face
3335 1728 3451 1803 vix
3500 1754 3657 1828 pre-

618 1847 920 1946 pellitur.
1017 1847 1234 1923 Nulla
1280 1847 1563 1922 omnino
1613 1846 1748 1922 fuit
1791 1856 2014 1937 aetas,
2065 1849 2513 1949 quantumvis
2541 1859 2893 1947 praeterea
2919 1848 2955 1922 f
2954 1847 3055 1922 uit
3086 1848 3324 1938 rudis,
3370 1848 3540 1949 quin
3578 1875 3659 1926 ea

619 1966 1006 2067 chirurgiae
1068 1967 1407 2068 practicae
1475 1967 1787 2043 studium
1853 1968 2292 2068 aliquatenus
2354 1971 2599 2045 saltem
2672 1977 3110 2068 promotum,
3198 1969 3648 2069 doctrinaque

617 2086 1006 2188 chirurgica
1057 2113 1272 2163 unam
1319 2088 1688 2164 alteramve
1735 2113 1985 2165 novam
2032 2090 2583 2166 observationem
2625 2088 2836 2164 fuerit
2888 2090 3189 2179 lucrata;
3262 2115 3439 2190 quae
3482 2113 3661 2166 nova

615 2209 899 2283 inventa
957 2203 1177 2308 quum
1221 2233 1449 2284 merae
1498 2209 1826 2308 empiriae
1867 2217 2064 2285 erant
2106 2210 2413 2298 fructus,
2463 2218 2618 2283 tum
2662 2215 2847 2284 arcte
2901 2235 3061 2284 cum
3111 2210 3402 2286 aliarum
3456 2210 3661 2286 disci·

614 2329 1008 2427 plinarum,
1080 2329 1405 2429 physicae
1476 2353 1538 2404 v.
1595 2355 1654 2405 c.
1719 2331 2242 2430 anatomiaeque
2289 2329 2769 2430 progressibus
2824 2307 3321 2419 cohaerebant,
3401 2330 3660 2429 quibus

614 2447 927 2549 chirurgi
972 2449 1062 2524 ad
1111 2473 1311 2524 suam
1353 2457 1574 2525 artem
1623 2451 2178 2551 amplificandam
2221 2450 2865 2547 emendandamque
2919 2449 3232 2550 gnaviter
3256 2450 3656 2526 utebantur.

613 2569 726 2642 De
795 2568 984 2644 hisce
1057 2569 1514 2669 experientiae
1593 2570 2129 2671 ingeniosaeque
2217 2579 2288 2646 et
2346 2570 2706 2670 religiosae
2778 2569 3243 2669 indagationis
3306 2569 3653 2645 fructibus

614 2697 895 2790 tempus
961 2690 1196 2791 ipsum
1262 2692 1531 2767 iustum
1589 2692 1752 2767 tulit
1814 2692 2189 2782 iudicium;
2273 2691 2425 2767 aliis
2488 2690 2795 2791 pepercit
2858 2715 3077 2790 eaque
3138 2690 3509 2766 immutata
3565 2691 3658 2765 ad

610 2817 922 2886 nostram
977 2835 1202 2910 usque
1247 2818 1546 2886 aetatem
1597 2813 1926 2902 servavit,
1976 2812 2146 2888 alios
2189 2809 2651 2887 absorvillavit
2683 2811 3018 2944 novisque
3049 2812 3159 2885 et
3139 2811 3225 2885 iis
3248 2807 3667 2886 melioribus

611 2931 913 3006 inventis
981 2931 1215 3010 locum
1270 2932 1512 3008 cedere
1571 2933 1820 3035 coegit.
1919 2931 2144 3006 Nobis
2200 2956 2398 3023 vero,
2460 2929 2718 3030 quibus
2766 2930 3107 3005 maiorum
3165 2932 3657 3032 experimentis

611 3058 977 3152 tamquam
1047 3052 1347 3152 pretioso
1413 3052 1616 3129 nobis
1679 3054 1940 3129 credito
2001 3054 2324 3129 thesauro
2387 3053 2547 3127 licet
2602 3050 2744 3139 uti,
2790 3050 3039 3151 ingens
3081 3057 3275 3149 patet
3329 3076 3658 3151 campus,

613 3170 689 3244 in
745 3196 886 3270 quo
937 3172 1441 3306 exspatiemur,
1488 3174 1736 3274 ingens
1778 3171 2032 3248 tradita
2079 3179 2187 3247 est
2242 3168 2563 3257 materia,
2608 3153 2682 3241 ἰιί
2724 3193 2866 3267 qua
2900 3169 3347 3269 expolienda,
3395 3194 3657 3269 augen-

616 3288 749 3379 da,
799 3290 1232 3390 disponenda
1273 3292 1450 3366 vires
1495 3315 1806 3366 exercere
1847 3290 2069 3367 liceat.
2169 3289 2320 3364 Nec
2365 3288 2790 3378 intervertit,
2846 3290 2951 3364 vel
2995 3298 3251 3365 temere
3298 3289 3658 3389 dissipavit
3758 3322 3769 3329 ·

612 3410 836 3484 nostri
879 3410 1030 3484 aevi
1073 3410 1422 3511 chirurgia
1457 3402 1715 3510 pignus
1760 3435 1803 3485 a
1857 3408 2234 3484 maioribus
2276 3407 2411 3483 sibi
2454 3407 2834 3497 creditum,
2878 3409 3001 3484 sed
3049 3410 3162 3509 pie
3215 3410 3508 3486 servavit
3551 3417 3655 3485 at-

614 3553 755 3628 que
803 3529 1000 3605 auxit
1040 3531 1420 3632 prudenter
1463 3532 1769 3608 curando
1815 3540 1885 3609 et
1932 3532 2212 3608 utendo,
2314 3531 2655 3605 Convenit
2704 3530 2834 3605 hoc
2860 3530 3041 3605 inter
3066 3556 3309 3605 omnes
3330 3588 3353 3619 ,
3396 3530 3654 3630 quibus

611 3649 976 3750 cognitum
1063 3658 1208 3741 est,
1274 3654 1349 3727 in
1419 3678 1559 3752 qua
1631 3655 1772 3729 iam
1835 3654 2229 3729 conditione
2294 3652 2642 3752 chirurgia
2702 3638 3003 3750 practica
3075 3660 3401 3728 versetur.
3503 3653 3655 3727 Nec

609 3762 824 3843 latere
891 3777 1122 3870 potest
1139 3830 1160 3862 ,
1232 3772 1654 3872 quicumque
1722 3773 2012 3864 auxilia,
2074 3798 2370 3874 quorum
2445 3798 2575 3873 ope
2642 3771 2989 3872 chirurgia
3051 3773 3270 3847 nostri
3323 3773 3655 3873 temporis

609 3888 894 3979 nititur,
962 3892 1294 3991 gloriatur
1339 3899 1409 3967 et
1459 3892 1760 3993 gaudet,
1825 3891 2193 3968 contulerit
2249 3917 2413 3968 cum
2467 3892 2555 3966 iis
2574 3950 2593 3979 ,
2646 3915 2943 3989 quorum
2993 3917 3165 3966 usus
3216 3890 3651 3992 superiorum

611 4009 1045 4085 saeculorum
1089 4010 1429 4112 chirurgis
1481 4019 1627 4088 erat
1676 4036 2069 4101 concessuS,
2135 4012 2328 4087 nulla
2395 4035 2730 4110 umquam
2769 4018 3182 4111 tempestate
3226 4010 3648 4111 chirurgiam

611 4130 987 4226 practicam
1045 4136 1240 4206 tanta
1305 4139 1375 4207 et
1427 4140 1572 4208 tam
1623 4132 1858 4232 gravia
1907 4132 2168 4231 cepisse
2225 4133 2686 4218 incrementa,
2746 4140 3006 4228 quanta
3048 4132 3199 4230 ipsa
3240 4156 3320 4206 ea
3381 4140 3606 4205 aetate
3626 4188 3646 4219 ,

612 4272 754 4346 qua
800 4247 1004 4323 nobis
1059 4250 1284 4326 vivere
1330 4252 1648 4352 contigit.
1751 4254 1988 4351 Atque
2031 4259 2136 4327 est
2180 4250 2309 4326 hoc
2353 4257 2841 4350 argumentum
2864 4309 2883 4338 ,
2929 4252 3016 4326 de
3061 4276 3201 4349 quo
3248 4276 3477 4327 coram
3531 4275 3645 4325 vo-

612 4365 724 4441 bis
792 4367 998 4443 verba
1057 4368 1278 4445 facere
1347 4396 1621 4448 mecum
1677 4373 2207 4461 constitueram;
2296 4369 2525 4445 dicam
2583 4395 2747 4469 ergo
2814 4374 2899 4445 de
2943 4354 3420 4469 propressibus
3482 4394 3649 4469 quos

627 4484 990 4587 Chiruryia
1025 4492 1348 4587 practica
1401 4499 1632 4566 nostra
1675 4500 1906 4568 aetate
1935 4495 2124 4588 fecit
2135 4526 2164 4577 ;
2235 4492 2323 4565 de
2369 4515 2508 4589 quo
2557 4495 2967 4587 argumento
3023 4512 3201 4587 quae
3250 4487 3641 4587 disputatu-

609 4630 730 4681 rus
783 4632 941 4683 sum
985 4609 1280 4685 attentis
1330 4636 1586 4710 quaeso
1632 4620 1703 4686 et
1751 4611 2100 4687 benevolis
2146 4611 2434 4687 auribus
2483 4610 2799 4709 accipite!

711 4727 964 4825 Itaque
1031 4728 1338 4827 primum
1401 4731 1717 4807 omnium
1790 4733 2240 4809 statuendum
2317 4730 2489 4807 mihi
2550 4731 2680 4805 erit
2738 4729 3106 4809 cuiusnam
3152 4730 3425 4831 generis
3488 4753 3644 4830 pro-

611 4844 837 4921 fectus
880 4847 1137 4923 fuerint
1155 4909 1176 4938 ,
1243 4875 1420 4951 quos
1465 4859 1702 4927 nostra
1757 4860 1983 4929 aetate
2034 4836 2379 4953 chirurgia
2432 4850 2732 4952 practica
2773 4851 3049 4929 fecerat.
3148 4835 3367 4927 E'stne
3412 4849 3644 4925 accitis

3120 4978 3161 5046 5
