4766 6034
1810 635 2366 724 orario,
3285 663 3297 678 ’
3478 638 3609 708 2ae

573 844 798 920 multa
863 841 1034 918 item
1097 843 1518 946 accipiamus
1577 850 1650 920 et
1713 843 2126 922 edoceamur
2179 844 2272 921 ab
2317 844 2543 922 isdem
2562 903 2583 935 ‚
2648 869 2829 944 quae
2877 836 3079 947 porro
3122 846 3431 926 efficiunt
3450 903 3477 938 ‚
3524 855 3607 924 ut

573 971 894 1038 nascatur
955 962 1363 1064 opinionum
1423 965 1606 1042 inter
1673 963 2008 1065 plurimos
2077 965 2461 1042 similitudo
2530 971 2603 1042 et
2672 965 3023 1044 vinculum
3040 1025 3063 1056 ‚
3134 967 3285 1044 sine
3340 965 3603 1067 quibus

573 1083 792 1158 multo
860 1083 1072 1160 etiam
1139 1083 1630 1162 diversioribus
1649 1141 1670 1174 ,
1729 1109 1944 1184 quam
1989 1109 2177 1162 nunc
2219 1085 2342 1174 fit,
2407 1084 2736 1162 doctrinis
2778 1093 2851 1162 et
2896 1087 3305 1164 commentis
3348 1086 3597 1164 distra-

571 1203 911 1280 heremur.
1027 1203 1106 1278 Si
1169 1205 1452 1304 quando
1523 1204 1840 1282 futurum
1911 1212 2052 1292 est,
2121 1205 2311 1304 quod
2373 1229 2647 1305 semper
2706 1205 2909 1284 vitari
2956 1232 3096 1284 non
3154 1207 3407 1306 poterit
3428 1264 3449 1297 ,
3516 1213 3599 1284 ut

577 1323 898 1400 desinant
945 1324 1388 1423 antiquorum
1435 1323 1688 1424 placita
1731 1325 1841 1400 vel
1883 1323 1975 1400 ab
2017 1323 2188 1424 ipsis
2205 1383 2226 1415 ,
2273 1325 2387 1400 vel
2432 1349 2557 1424 per
2597 1349 2717 1400 eos
2755 1326 2881 1426 qui
2920 1325 3089 1404 inde
3132 1328 3599 1428 decerpserint

572 1443 876 1520 deiivata
925 1467 1262 1544 magnum
1293 1443 1390 1544 ,iu
1457 1443 1766 1522 humana
1823 1443 2148 1520 societate
2203 1445 2433 1521 locum
2486 1443 2799 1521 obtinere
2816 1501 2837 1532 ‚
2884 1447 3190 1524 multum
3234 1471 3469 1524 vereor
3508 1471 3599 1524 ne

569 1563 734 1640 inde
775 1563 1022 1640 turbae
1063 1563 1378 1640 oriantur
1413 1571 1488 1640 et
1531 1562 1910 1642 discordiae
1949 1563 2519 1663 diversitatesque
2562 1562 2971 1662 opinionum
2992 1622 3013 1655 ,
3065 1590 3245 1664 quae
3278 1565 3387 1642 vel
3412 1590 3601 1642 nunc

569 1683 794 1760 variae
860 1691 1064 1774 sunt,
1134 1683 1256 1760 sed
1309 1707 1565 1781 magna
1613 1707 1703 1758 ex
1741 1691 1938 1782 parte
1981 1681 2074 1760 ab
2117 1681 2366 1760 eadem
2412 1683 2677 1782 origine
2721 1684 3027 1784 pendent
3072 1693 3147 1760 et
3184 1687 3285 1762 ita
3332 1686 3599 1786 aliqua·

573 1811 778 1878 tenus
849 1803 1349 1880 consociantur.
1447 1801 1506 1878 Ii
1563 1801 1814 1878 deinde
1865 1802 2228 1903 scriptores
2245 1859 2274 1892 ‚
2333 1826 2511 1901 quos
2558 1804 2771 1881 modo
2820 1804 3169 1880 nominavi
3184 1863 3207 1895 ,
3255 1804 3599 1882 eiusmodi

573 1927 738 1997 sunt
755 1979 776 2010 ‚
843 1929 924 1998 ut
978 1922 1118 2022 legi
1169 1929 1636 2011 mererentur,
1701 1922 1974 1999 etiamsi
2021 1929 2272 2000 cuncta
2313 1921 2469 1998 istis
2516 1921 2854 1998 contraria
2894 1922 3229 2012 fuissent,
3280 1930 3363 2000 ut
3408 1947 3601 2001 nunc
3688 2017 3697 2026 .

569 2042 824 2118 favent.
921 2042 1073 2116 Nos
1140 2041 1328 2118 enim
1347 2099 1367 2130 ,
1439 2041 1629 2139 quod
1696 2065 1836 2118 non
1897 2041 2099 2119 facile
2153 2040 2310 2140 quis
2357 2040 2689 2140 negabit,
2758 2040 3025 2141 ubique
3065 2041 3208 2118 fere
3248 2040 3603 2119 veteribus

571 2169 1004 2262 praestamus
1075 2161 1361 2262 quidem
1379 2219 1402 2251 ,
1475 2161 1600 2236 sed
1659 2161 1762 2237 illi
1827 2168 1902 2239 et
1965 2161 2226 2262 singuli
2245 2219 2268 2251 ,
2333 2169 2408 2238 et
2475 2159 2731 2238 Graeci
2787 2161 3030 2238 saltem
3084 2161 3429 2249 universi,
3480 2185 3607 2262 pro

573 2281 836 2358 viribus
905 2281 1048 2356 suis
1113 2280 1318 2358 nobis
1389 2281 1598 2380 longe
1661 2281 1866 2381 plura
1925 2280 2228 2358 effecere.
2328 2281 2709 2379 comparet
2760 2279 3011 2379 aliquis
3060 2281 3273 2356 rudes
3317 2280 3489 2358 istas
3534 2289 3609 2356 et

572 2398 904 2476 informes
965 2407 1122 2476 tum
1176 2399 1492 2476 civitates
1512 2457 1536 2488 ,
1583 2407 1740 2476 tum
1785 2399 2038 2502 placita
2081 2399 2358 2478 Solonei
2414 2398 2751 2499 temporis
2794 2423 2959 2476 cum
3004 2399 3355 2476 Pmucms
3398 2423 3565 2476 aevo
3580 2459 3601 2489 ,

570 2543 732 2595 cum
775 2521 1224 2596 Amanum
1263 2525 1494 2596 aetate
1514 2578 1538 2609 ,
1587 2527 1659 2598 et
1703 2520 2000 2597 alterum
2037 2519 2212 2596 mihi
2255 2519 2509 2596 excitet
2548 2519 2885 2620 populum
2903 2578 2926 2610 ,
2972 2519 3089 2596 cui
3130 2519 3398 2596 tantillo
3425 2525 3603 2596 tem-

571 2638 762 2738 poris
825 2639 1051 2739 spatio
1123 2647 1230 2716 tot
1295 2646 1630 2739 tantaque
1691 2665 1916 2741 genus
1986 2641 2374 2718 humanum
2426 2639 2785 2728 debuerit,
2850 2638 2913 2716 si
2959 2639 3247 2740 quidem
3262 2697 3283 2728 ‚
3346 2645 3428 2718 ut
3480 2663 3608 2739 par

571 2764 682 2834 est
701 2817 724 2849 ,
773 2759 865 2834 de
917 2759 1054 2836 illis
1101 2759 1347 2836 saltem
1397 2759 1703 2861 profanis
1741 2761 2109 2860 loquamur
2125 2817 2148 2848 ‚
2194 2767 2268 2837 et
2307 2759 2397 2836 de
2433 2756 2883 2859 religionibus
2904 2815 2927 2849 ‚
2975 2765 3219 2860 utpote
3261 2758 3352 2835 ab
3398 2783 3604 2858 argu-

574 2885 816 2954 mento
871 2885 1107 2955 nostro
1179 2879 1420 2956 alienis
1437 2937 1458 2970 ,
1521 2879 1816 2958 verbum
1859 2880 2134 2956 nullum
2189 2879 2548 2956 faciamus.
2644 2879 2745 2956 At
2788 2902 2873 2954 ea
2888 2936 2911 2968 ,
2962 2903 3143 2978 quae
3188 2880 3613 2956 Graecorum

569 2997 844 3076 nationi
901 2998 1240 3076 debemus
1259 3058 1280 3088 ,
1343 2998 1432 3077 iis
1485 2999 1629 3077 fere
1677 2998 1849 3100 ipsis
1891 2997 2268 3089 debentur,
2333 3020 2632 3099 quorum
2678 2994 2767 3073 de
2812 2995 3083 3096 scriptis
3123 2996 3399 3097 egimus
3416 3055 3440 3086 ,
3490 2997 3609 3073 de-

577 3118 836 3195 bentur
869 3119 1019 3196 sine
1055 3120 1271 3195 dubio
1289 3121 1782 3197 Dfflosrmr
1799 3119 2144 3220 permulta
2161 3176 2182 3208 ,
2231 3125 2313 3195 ut
2348 3118 2827 3193 Romanorum
2867 3114 3202 3193 beneficia
3236 3117 3569 3197 casim
3584 3175 3605 3205 ,

571 3235 706 3311 etsi
759 3234 1010 3311 neuter
1061 3237 1368 3336 potuerit
1407 3238 1484 3312 id
1536 3238 1801 3315 efficere
1818 3294 1840 3326 ‚
1895 3236 2014 3313 cui
2055 3244 2218 3313 ante
2253 3236 2489 3313 omnia
2526 3260 2809 3335 operam
2859 3235 3088 3326 dedit,
3138 3260 3267 3313 nec
3314 3236 3605 3313 minima

573 3380 734 3455 pars
801 3356 893 3432 ad
958 3363 1221 3434 ceteros
1289 3357 1554 3435 recidit.
1652 3357 1758 3433 Ea
1821 3365 2060 3431 autem
2116 3380 2298 3455 quae
2357 3356 2617 3431 suntP-
2657 3355 2903 3431 Immo‘
2932 3378 3089 3431 vero
3148 3354 3391 3433 unicae
3444 3354 3603 3431 illae

579 3474 1042 3552 excultiorum
1087 3476 1448 3554 civitatum
1491 3474 2028 3553 consociationes
2041 3532 2064 3565 ,
2113 3498 2413 3574 quarum
2455 3473 2549 3549 ad
2596 3497 2725 3550 nos
2770 3498 2931 3573 pars
2976 3480 3365 3553 memoratu
3392 3473 3609 3575 digna

575 3593 928 3694 pervenit,
997 3600 1069 3671 et
1140 3596 1308 3673 satis
1371 3597 1603 3695 ampla
1619 3653 1642 3685 ,
1708 3602 1789 3671 ut
1827 3594 1993 3672 inde
2039 3594 2345 3694 potuerit
2390 3592 2845 3693 posteriorum
2890 3595 3290 3673 communio
3342 3594 3605 3693 aliqua-

573 3720 784 3787 tenus
845 3712 1220 3789 sustentari
1237 3770 1258 3803 ,
1317 3712 1570 3789 deinde
1627 3712 2010 3789 litterarum
2057 3712 2210 3790 laus
2226 3770 2250 3803 ,
2297 3737 2479 3812 quae
2524 3736 2649 3812 per
2692 3718 2799 3790 tot
2844 3714 3117 3791 saecula
3163 3713 3608 3816 praestantis·

577 3830 756 3907 sima
807 3816 1128 3909 omnium
1177 3831 1522 3909 scribendi
1563 3831 1881 3931 exempla
1897 3888 1920 3922 ‚
1972 3855 2200 3930 neque
2245 3830 2647 3909 etiamnunc
2690 3833 3195 3912 contemnenda
3244 3833 3610 3934 praebuit,

575 3958 650 4025 et
724 3949 862 4048 ipsi
933 3974 1282 4028 sermones
1301 4008 1322 4041 ,
1387 3951 1590 4027 variis
1656 3950 2058 4027 nominibus
2107 3950 2369 4052 egregii
2386 4010 2409 4043 ,
2474 3976 2598 4052 per
2644 3977 2821 4051 quos
2872 3954 3249 4029 multarum
3289 3954 3613 4053 gentium

574 4068 993 4147 consociatio
1039 4070 1313 4147 dudum
1363 4070 1631 4147 exstitit
1662 4070 1964 4149 necdum
2001 4072 2198 4149 omni
2220 4096 2308 4149 ex
2333 4082 2533 4171 parte
2560 4080 2668 4148 est
2697 4073 2971 4150 sublata
2988 4130 3010 4162 ,
3058 4097 3259 4173 porro
3290 4074 3609 4174 exempla

481 4206 484 4209 ’
573 4189 1044 4288 regendarum
1119 4189 1480 4267 civitatum
1502 4246 1526 4281 ‚
1599 4190 1892 4267 humilia
1957 4190 2242 4290 quidem
2313 4214 2399 4267 ea
2464 4197 2538 4267 et
2606 4190 2897 4269 minime
2966 4191 3285 4270 absoluta
3303 4249 3326 4283 ,
3397 4192 3458 4269 si
3516 4192 3609 4267 ad

573 4316 888 4386 nostram
951 4334 1268 4387 normam
1337 4311 1768 4410 modumque
1832 4309 2208 4411 exiguntur
2224 4367 2246 4400 ,
2315 4310 2441 4385 sed
2510 4310 3011 4411 comparandae
3082 4316 3315 4387 tamen
3335 4366 3358 4400 ‚
3434 4310 3607 4408 quin
3644 4292 3661 4309 ’

572 4429 793 4504 immo
851 4429 1096 4507 multis
1155 4430 1264 4507 vel
1323 4430 1400 4505 in
1459 4430 1742 4529 Europa
1787 4429 2130 4529 hodieque
2183 4428 2581 4529 vigentibus
2636 4428 3155 4529 anteponenda3
3204 4428 3459 4505 deinde
3475 4486 3497 4518 ,
3548 4430 3611 4503 si

575 4546 1012 4646 singulorum
1078 4546 1414 4623 beneficia
1479 4548 1926 4646 exquiramus
1944 4604 1967 4638 ‚
2035 4547 2316 4625 Graecis
2377 4546 2675 4625 debetur
2689 4605 2712 4638 ‚
2782 4549 2973 4649 quod
3025 4548 3219 4625 nulla
3272 4572 3613 4648 umquam
3734 4570 3745 4579 ·

575 4690 754 4765 gens
813 4690 904 4743 ex
973 4664 1420 4768 comparabili
1479 4676 1677 4767 parte
1735 4666 2116 4767 promovit,
2179 4666 2437 4745 artium
2492 4668 2809 4745 studium
2848 4676 2921 4744 et
2961 4667 3161 4745 initia
3200 4666 3343 4745 iam
3384 4668 3613 4767 magis

579 4810 794 4886 quam
859 4784 1000 4865 dici
1056 4793 1287 4887 potest
1327 4786 1620 4889 pulchra
1634 4844 1657 4881 ,
1713 4786 2052 4867 Romanis
2097 4794 2333 4867 autem
2371 4786 2543 4865 iuris
2585 4796 2953 4889 praecepta
2974 4811 3233 4982 ,33:1oe
3278 4787 3615 4866 miramur
