4766 6034
1618 634 1909 705 ORDO
1976 634 3640 713 LEGTIONUM.189

608 836 795 914 Iovis
858 844 933 913 et
997 836 1329 927 Veneris,
1400 837 1571 917 hora
1631 840 1785 932 XI,
1852 844 1938 919 de
2000 851 2251 919 natura
2318 844 2518 921 Iuris
2587 852 2768 946 aget.
2870 846 3132 921 Tacrn
3208 848 3639 927 Germaniam

609 982 771 1034 cum
814 936 1403 1038 commilitonibus
1452 959 1677 1061 leget,
1724 960 1893 1037 hora
1936 970 2345 1063 opportuna.

706 1152 1313 1253 Disputationibus
1372 1112 1671 1255 publicis
1725 1165 1799 1231 et
1842 1158 2128 1257 privatis
2174 1158 2496 1235 lubenter
2540 1166 2908 1259 praeerunt
2955 1160 3139 1239 Iuris
3187 1162 3634 1241 Professores.
3759 1236 3766 1242 .

1538 1414 1651 1491 IN
1696 1416 2263 1495 FACULTA'I'E
2312 1418 2718 1495 MEDICA.
2847 1518 2854 1527 ι

708 1676 1029 1751 ΙΑοοΒυε
1088 1676 1350 1751 Banu·
1412 1698 1511 1751 nn
1562 1700 1661 1751 na
1702 1677 1985 1753 Parnm.
2034 1676 2284 1754 diebus
2324 1677 2658 1755 Mercurii
2697 1684 2769 1753 et
2811 1679 2997 1755 Iovis
3016 1737 3039 1769 ,
3090 1680 3256 1756 hora
3303 1680 3486 1755 VIII
3505 1738 3527 1771 ,
3575 1688 3648 1757 et

612 1794 939 1885 Saturni,
1007 1795 1177 1871 hora
1250 1796 1365 1870 IX
1382 1854 1406 1885 ,
1474 1796 1599 1872 sed
1664 1804 1825 1895 post
1883 1797 2089 1875 ferias
2143 1797 2510 1875 Paschales
2527 1856 2551 1887 ,
2605 1797 2868 1883 ,diebus
2921 1798 3255 1875 Mercurii
3299 1806 3372 1875 et
3415 1799 3603 1903 Iovis
3624 1855 3648 1889 ,

546 1998 553 2004 ,
613 1912 781 1989 hora
824 1914 1011 1988 VIII
1028 1972 1051 2003 ,
1096 1912 1389 1990 Veneris
1437 1922 1509 1991 et
1556 1916 1877 2007 Saturni,
1925 1918 2093 1994 hora
2134 1918 2280 1993 VII
2295 1977 2318 2008 ,
2364 1920 2602 1994 Artem
2667 1919 3140 1993 Obstetriciam
3191 1919 3652 1995 stem-sticum

433 2043 452 2053 “
612 2038 687 2107 et
716 2032 1111 2107 Praeticam
1152 2038 1491 2133 exponet,
1540 2039 1613 2109 et
1647 2033 1723 2108 in
1764 2034 2179 2137 Nosocomio
2210 2034 2628 2111 Academico
2647 2092 2668 2123 ,
2709 2036 2800 2111 ad
2839 2036 3371 2136 parturientium
3402 2037 3617 2112 lectos
3631 2093 3652 2127 ,

613 2149 926 2251 qualibet
996 2150 1229 2227 oblata
1307 2151 1659 2227 occasione
1679 2210 1701 2243 ,
1773 2154 2071 2253 practice
2147 2154 2508 2243 instituet3
2590 2153 2840 2229 diebus
2911 2156 3156 2231 Lunae
3230 2164 3302 2231 et
3367 2154 3619 2232 Martis
3633 2212 3655 2245 ,

612 2270 781 2346 hora
819 2270 1003 2345 VIII
1021 2329 1042 2360 ,
1091 2273 1349 2347 morbos
1390 2274 1730 2367 infantum
1768 2272 2080 2361 docebit;
2134 2274 2542 2371 Therapiam
2583 2274 2956 2371 Specialem
2995 2274 3396 2351 morborum
3429 2274 3658 2351 tradet

614 2389 864 2465 diebus
933 2391 1175 2466 Lunae
1191 2449 1212 2480 ,
1290 2390 1543 2467 Martis
1609 2397 1681 2466 et
1748 2392 2081 2469 Mercurii
2101 2449 2122 2480 ,
2186 2392 2355 2467 hora
2427 2392 2541 2467 IX
2557 2449 2578 2480 ,
2648 2400 2720 2465 et
2786 2399 2946 2492 post
3015 2392 3218 2469 ferias
3288 2394 3658 2470 Paschales

614 2509 825 2585 etiam
896 2508 1145 2585 diebus
1206 2509 1541 2585 Mercurii
1600 2519 1672 2587 et
1721 2512 1908 2589 Iovis
1928 2571 1949 2601 ,
2015 2511 2185 2588 hora
2234 2512 2381 2586 VII
2396 2545 2416 2601 ;
2477 2510 2728 2587 diebus
2755 2513 3115 2617 *Mercurii
3138 2570 3158 2601 ,
3207 2512 3374 2589 hora
3423 2512 3498 2587 X
3517 2570 3538 2601 ,
3588 2520 3659 2588 et

622 2629 907 2704 Saturni
922 2688 943 2719 ,
993 2630 1163 2705 hora
1211 2629 1393 2705 VIII
1417 2688 1438 2719 ,
1486 2632 1907 2707 Medicinam
1948 2631 2309 2706 Forensem
2360 2627 2673 2715 docebit;
2724 2627 2973 2704 diebus
3019 2630 3260 2704 Lunae
3279 2687 3300 2718 ,
3349 2630 3534 2706 Iovis
3588 2638 3660 2704 et

621 2748 943 2837 Saturni,
1002 2748 1173 2825 hora
1233 2747 1308 2822 X
1354 2749 1447 2825 ad
1499 2748 1695 2839 XII,
1744 2748 1989 2825 ceteris
2045 2747 2330 2839 diebus,
2378 2748 2550 2823 hora
2593 2746 2707 2821 XI
2757 2748 2850 2824 ad
2889 2748 3040 2823 XII
3059 2807 3080 2838 ,
3127 2748 3203 2823 in
3245 2750 3660 2825 Nosocomio

618 2866 1039 2943 Academico
1094 2868 1373 2944 OEinicis
1410 2869 2002 2945 eoeercitationibus
2048 2866 2360 2957 vacabit,
2409 2865 2826 2966 morbosque
2871 2867 2974 2942 ibi
3016 2874 3340 2943 tractatos
3379 2867 3664 2943 uberius

544 3058 549 3060 .
618 2994 939 3088 exponet.
1039 2988 1615 3088 Disputationum
1660 2987 2001 3064 exercitiis
2049 2986 2301 3063 lubens
2350 2984 2641 3064 vacabit.

721 3109 1183 3184 Fnsncrsous
1232 3109 1663 3184 Zacnanras
1704 3109 2094 3183 Emnms
2146 3105 2626 3204 Patboloyiam
2663 3108 3051 3204 generalem
3098 3105 3373 3182 docebit
3413 3105 3662 3181 diebus

618 3229 903 3316 Lunae,
968 3228 1259 3317 Martis,
1322 3227 1657 3304 Mercurii
1712 3231 1801 3302 et
1831 3225 2059 3314 Iovia,
2108 3225 2277 3300 hora
2324 3222 2476 3311 IX;
2529 3223 3026 3324 metoloyiam,
3078 3223 3328 3298 diebus
3374 3223 3662 3312 Lunae,

618 3346 955 3448 Mercurii
994 3354 1066 3441 et
1108 3346 1297 3422 Iovis
1310 3404 1332 3437 ,
1381 3347 1549 3422 hora
1592 3345 1745 3435 X13
1794 3348 2223 3421 Anatomiam
2246 3345 2752 3442 patholoytcam
2771 3399 2792 3433 ,
2836 3342 2950 3418 die
2989 3342 3241 3418 Martis
3260 3400 3284 3434 ,
3315 3342 3484 3419 hora
3509 3341 3623 3418 XI
3640 3399 3663 3432 ,

622 3465 737 3541 die
796 3464 1087 3540 Veneris
1141 3464 1309 3542 hora
1369 3465 1555 3541 VIII
1603 3472 1674 3541 et
1722 3464 1817 3544 X.
1918 3465 2546 3542 Eacrcitationibus
2595 3463 2856 3538 clinicus
2906 3462 2982 3540 in
3030 3461 3447 3540 Ncsocomio
3491 3485 3664 3562 quo-

624 3584 797 3660 tidie
845 3583 1117 3660 vacabit
1165 3585 1333 3661 hora
1378 3587 1439 3662 Ι.

722 3705 954 3780 Ianus
1002 3703 1327 3780 Hrssmx
1375 3705 1655 3782 IAnan
1713 3707 2137 3806 Chiruryiam
2188 3703 2468 3781 docebit
2521 3702 2635 3778 die
2682 3701 2934 3778 Martis
2952 3760 2973 3791 ,
3023 3701 3192 3777 hora
3244 3699 3320 3776 X
3339 3758 3363 3792 ,
3414 3698 3664 3776 diebus

625 3823 815 3900 Iovis
883 3829 957 3898 et
1019 3821 1310 3900 Veneris
1324 3883 1345 3914 ,
1421 3825 1589 3900 hora
1656 3823 1769 3898 IX
1784 3882 1805 3914 ,
1876 3832 1947 3900 et
2008 3830 2167 3924 post
2225 3823 2429 3899 ferias
2493 3820 2860 3898 Paschales
2904 3820 3130 3912 etiam·
3170 3818 3286 3894 die
3344 3819 3664 3907 Saturni,

626 3943 797 4019 hora
847 3942 999 4031 IX;
1048 3943 1449 4019 Docti-inam
1494 3947 1580 4019 de
1622 3945 1869 4020 morbis
1913 3946 2243 4020 oculorum
2286 3943 2514 4019 tradet
2565 3940 2813 4015 diebus
2852 3939 3187 4022 Mercurii
3231 3945 3304 4013 et
3348 3937 3665 4026 Saturni,
3741 3963 3746 3974 ¹

626 4062 797 4138 hora
836 4061 1027 4150 XII,
1093 4064 1371 4138 Clinicus
1412 4064 2005 4139 eaeo-citationibus
2047 4063 2122 4138 in
2160 4060 2578 4138 Nosocomio
2623 4057 3043 4134 Academico
3093 4056 3362 4133 vacabit
3410 4055 3660 4131 diebus

562 4269 571 4275 ,
628 4182 873 4262 Lunae
892 4239 913 4270 ,
984 4180 1235 4258 Martis
1252 4239 1273 4270 ,
1342 4181 1529 4257 Iovis
1602 4190 1673 4257 et
1736 4181 2025 4257 Veneris
2045 4240 2066 4271 ,
2125 4182 2299 4257 hora
2352 4178 2544 4268 XII,
2610 4181 2986 4252 Anatomen
3043 4178 3345 4275 corporis¹
3388 4176 3664 4250 humani

632 4307 931 4402 exponet
972 4300 1221 4376 diebus
1262 4299 1593 4376 Mercurii
1610 4359 1631 4390 ,
1674 4301 1861 4377 Iovis
1876 4360 1897 4390 ,
1934 4300 2224 4378 Veneris
2262 4305 2334 4378 et
2369 4297 2688 4388 Saturni,
2737 4297 2906 4372 hora
2943 4294 3087 4384 IV,
3131 4295 3662 4370 Dissectionibus

633 4421 1027 4494 cadaverum
1077 4421 1473 4495 anatomicis
1520 4427 1829 4519 tempore
1876 4427 2263 4522 opportuno
2312 4416 2762 4493 instituendis
2809 4413 3120 4514 quotidie
3165 4411 3481 4512 praeerit.

739 4538 1055 4613 Issaeos
1096 4559 1247 4612 vm
1288 4538 1501 4614 Danu
1544 4525 2043 4640 Physioloyiam
2070 4540 2426 4639 specialem
2467 4533 2743 4612 docebit
2777 4532 3026 4610 diebus
3059 4532 3302 4608 Lunae
3315 4590 3337 4623 ,
3376 4529 3663 4619 Martie,

637 4655 1013 4746 Mercurii,
1081 4659 1253 4734 hora
1314 4657 1498 4733 VIII
1562 4666 1634 4732 et
1687 4659 1801 4734 die
1861 4658 2143 4735 Saturni
2160 4717 2181 4748 ,
2249 4658 2415 4732 hora
2475 4654 2625 4744 IX;
2687 4655 3188 4753 Physioloyiam
3237 4651 3624 4752 yeneralem
3646 4705 3673 4738 ,

644 4775 895 4854 diebus
943 4777 1129 4854 Iovis
1182 4785 1252 4854 et
1303 4778 1593 4854 Veneris
1616 4836 1637 4870 ,
1684 4782 1851 4854 hora
1894 4777 2115 4870 VIII;
2168 4778 2638 4855 Remediorum
2683 4777 2985 4874 effectum
3031 4781 3104 4850 et
3145 4772 3666 4874 therapeuticum
