4766 6034
1129 645 1257 710 198
2230 641 2280 705 Ι.
2352 639 2427 705 A.
2497 639 2562 707 C.
2635 637 3074 709 ROVERS

1122 878 1271 928 esse
1340 851 1584 926 velint:
1663 847 2251 947 quemadmodum
2316 847 2390 921 in
2457 848 2886 947 aequalium,
2957 847 3032 922 in
3092 846 3506 936 amicorum,
3563 848 3636 924 in
3681 876 3808 927 sua
3845 854 4150 954 ipsorum

1118 974 1259 1047 vita
1322 974 1498 1061 sint,
1566 994 1743 1069 quae
1800 969 1986 1067 ipsos
2031 968 2345 1068 fugiant,
2397 968 2496 1043 ita
2538 969 2613 1043 in
2661 970 2803 1045 vita
2847 970 3167 1069 gentium
3213 974 3286 1042 et
3337 970 3610 1069 generis
3658 971 3950 1049 humani
4005 977 4155 1052 talia

1114 1093 1303 1167 haud
1372 1093 1646 1167 deesse:
1719 1090 2063 1189 acquiesci
2128 1096 2443 1189 oportere
2501 1091 2577 1164 in
2637 1091 3024 1189 spectaculo
3087 1090 3234 1164 suis
3287 1114 3490 1189 saepe
3543 1091 3802 1168 finibus
3867 1096 4152 1171 circum-

1112 1214 1366 1313 scripto
1388 1272 1407 1301 ,
1472 1212 1597 1287 sed
1654 1210 1961 1285 iucundo
2026 1217 2262 1284 tamen
2328 1218 2400 1285 et
2445 1212 2671 1311 gravi,
2722 1235 2863 1309 quo
2905 1211 2992 1285 iis
3041 1211 3139 1285 sic
3172 1209 3546 1287 fruendum
3599 1212 3692 1287 sit
3711 1272 3732 1302 ,
3783 1222 3864 1287 ut
3914 1216 4152 1315 imagi-

1110 1334 1220 1408 nis
1242 1393 1260 1422 ,
1311 1358 1489 1432 quae
1528 1340 1689 1407 ante
1740 1330 1977 1406 oculos
2023 1338 2322 1428 ponatur
2342 1390 2361 1419 ,
2411 1331 2828 1405 lineamenta
2873 1338 3086 1429 atque
3132 1328 3388 1405 formas
3407 1390 3428 1420 ,
3478 1332 3801 1410 habitum
3853 1342 3924 1409 et
3965 1360 4146 1411 com-

1110 1454 1531 1530 mutationes
1592 1452 1855 1550 hasque
1916 1451 2103 1550 ipsas
2166 1460 2322 1527 tum
2380 1452 2678 1527 orientes
2717 1457 2873 1525 tum
2919 1458 3300 1525 crescentes
3343 1458 3500 1529 tum
3549 1453 3686 1529 alio
3733 1454 4148 1530 declinantes

1110 1574 1478 1675 diligenter
1533 1571 1789 1672 intueri
1853 1579 2210 1646 conentur.
2310 1572 2592 1660 Ardua,
2663 1596 2844 1670 quae
2889 1570 3216 1670 pulchra,
3265 1571 3353 1645 A.
3378 1572 3467 1647 A.
3576 1573 3772 1649 Haec
3817 1575 4006 1650 enim
4047 1577 4146 1651 in·

1105 1696 1354 1770 tuendi
1416 1693 1776 1793 diligentia
1835 1698 2168 1792 quantam
2223 1690 2298 1765 in
2354 1691 2754 1765 doctissimo
2812 1715 3090 1790 quoque
3139 1690 3446 1791 postulat
3495 1694 3838 1770 variarum
3891 1696 4142 1771 mentis

1106 1816 1357 1890 virium
1417 1816 1784 1891 sanitatem
1844 1820 1914 1887 et
1972 1815 2363 1913 ἐνέργειαν
2382 1870 2402 1901 ,
2469 1794 2800 1910 quantam
2849 1812 3068 1911 ipsius
3115 1811 3296 1887 vitae
3349 1812 3878 1913 intelligentiam
3927 1842 4144 1915 quan-

1110 1946 1401 2036 tumque
1466 1935 1541 2008 in
1603 1933 1845 2033 primis
1905 1933 2047 2006 veri
2101 1956 2408 2007 amorem
2431 1992 2452 2021 ,
2499 1958 2592 2006 ne
2645 1932 2998 2031 complura
3037 1954 3120 2005 eo
3167 1932 3470 2007 maxime
3519 1935 3744 2010 colore
3793 1936 4158 2035 splendere

1103 2065 1553 2143 censeantur,
1623 2054 1747 2153 qui
1806 2053 1981 2127 votis
2053 2054 2438 2128 consiliisve
2486 2054 2630 2127 tuis
2677 2053 2980 2127 maxime
3025 2051 3281 2127 faveat!
3362 2054 3472 2127 De
3521 2054 3850 2155 'l'hierryo
3869 2116 3890 2145 ,
3939 2058 4164 2132 notis-

1105 2177 1282 2251 simo
1326 2186 1717 2275 temporum
1762 2172 2394 2273 Merovingicorum
2443 2174 2768 2272 scriptore
2788 2233 2808 2262 ,
2874 2173 3005 2247 hoc
3051 2180 3278 2247 exstat
3326 2173 3702 2251 iudicium:
3754 2177 3906 2251 eius
3943 2202 4168 2276 opere

1104 2295 1417 2370 similiter
1499 2292 1837 2367 afficimur
1923 2316 2003 2365 ac
2074 2292 2139 2365 si
2206 2292 2476 2367 iuvenis
2563 2292 2776 2367 seculi
2857 2291 3352 2367 undevicesimi
3436 2294 3717 2395 ingenio
3807 2298 4178 2373 excellens

1099 2416 1395 2516 cognitis
1439 2412 1765 2488 omnibus
1802 2410 1890 2484 de
1928 2411 2351 2485 Francorum
2390 2411 2677 2485 historia
2715 2409 3317 2508 disquisitionibus
3335 2470 3356 2499 ,
3399 2413 3696 2489 Galliam
3732 2416 3946 2490 seculi
3972 2418 4170 2492 sexti

1096 2544 1413 2637 peragret
1478 2541 1549 2608 et
1615 2533 1691 2607 in
1756 2530 2035 2604 Itineris
2099 2532 2209 2605 sui
2265 2530 2728 2630 descriptione
2785 2528 3016 2603 omnia
3035 2589 3055 2619 ,
3120 2554 3300 2628 quae
3352 2531 3585 2607 animo
3623 2534 3922 2609 candido
3970 2537 4170 2611 vidit

1098 2658 1486 2754 sensitque,
1536 2651 1843 2728 oratione
1878 2651 2220 2750 exprimat
2272 2654 2355 2741 ι).
2455 2651 2620 2725 Non
2663 2650 2880 2750 igitur
2917 2649 2990 2724 in
3039 2650 3172 2725 alia
3215 2658 3527 2751 tempora
3573 2652 3670 2729 sic
3711 2660 3784 2729 te
3823 2658 4172 2731 recedere

1094 2784 1401 2878 oportet,
1471 2774 1556 2848 iis
1618 2772 1789 2872 ipsis
1852 2779 1934 2845 ut
1986 2772 2211 2846 vivere
2262 2769 2555 2845 videaris
2574 2830 2594 2859 ,
2647 2771 2835 2845 unde
2885 2770 3061 2845 nihil
3112 2770 3496 2871 quidquam
3537 2772 3831 2873 probare
3883 2776 4114 2851 discas
4143 2835 4178 2863 ,

1094 2898 1283 2998 quod
1347 2921 1487 2971 non
1546 2894 1856 2995 ipsorum
1924 2892 2051 2979 sit;
2124 2892 2249 2965 sed
2292 2915 2374 2965 ea
2421 2900 2494 2965 te
2531 2898 2676 2965 tam
2725 2891 2964 2990 procul
3017 2915 3231 2988 quam
3277 2916 3493 2992 prope
3533 2894 3824 2983 intueri,
3875 2894 3962 2970 id·
4001 2905 4176 2985 est,

1089 3019 1459 3094 conscium·
1483 3041 1721 3092 eorum
1742 3071 1763 3104 ,
1820 3013 2079 3113 quibus
2122 3022 2248 3089 tua
2300 3021 2371 3088 te
2409 3013 2676 3088 ornavit
2721 3020 2791 3087 et
2832 3012 3088 3087 imbuit
3132 3020 3359 3102 aetas,
3409 3012 3700 3089 aliorum
3743 3023 4162 3118 temporum

1086 3140 1301 3215 vitam
1344 3137 1697 3237 adspicere
1738 3141 2027 3234 oportet.
2128 3135 2222 3207 Et
2258 3131 2430 3208 haec
2473 3133 2756 3234 quidem
2813 3133 3350 3231 Historiologiae
3388 3135 3654 3209 monita
3693 3161 3832 3211 non
3865 3145 4174 3213 tantum

1082 3259 1491 3359 prudentiae
1554 3255 1759 3332 laude
1824 3278 1897 3328 se
1953 3253 2446 3330 commendant
2463 3313 2482 3342 ,
2545 3277 2786 3328 verum
2843 3253 3200 3351 aliquanto
3240 3254 3459 3351 pluris
3517 3261 3722 3344 sunt,
3773 3282 3986 3355 quam
4035 3257 4158 3332 illi

1086 3381 1497 3479 opinantur,
1566 3375 1825 3474 quibus
1865 3398 2097 3448 rerum
2147 3381 2502 3471 gestarum
2523 3431 2542 3462 ,
2593 3382 2675 3447 ut
2723 3372 2959 3462 aiunt,
3007 3373 3312 3472 cognitio
3349 3377 3808 3452 necessarium
3859 3379 4168 3453 videtur

1084 3501 1372 3575 aliarum
1417 3496 1884 3572 doctrinarum
1922 3491 2337 3571 subsidium.
2439 3493 2581 3568 Sed
2617 3493 3112 3593 Histoi-iologia
3155 3517 3295 3569 non
3337 3495 3610 3570 illarum
3628 3555 3647 3584 ,
3691 3521 3876 3596 quae
3913 3498 4154 3597 ipsius

1085 3619 1443 3716 indigent,
1493 3613 1898 3690 auctoritate
1948 3612 2231 3688 ancillae
2272 3613 2496 3688 instar
2537 3612 2820 3687 nititur:
2871 3613 3022 3713 ipsa
3055 3637 3180 3712 per
3210 3637 3288 3688 se
3317 3613 3508 3715 viget
3537 3625 3649 3705 et,
3700 3617 3858 3691 licet
3889 3619 4154 3692 multis

1086 3736 1455 3811 utilissima
1504 3731 1833 3807 doctrinis
1850 3789 1871 3819 ,
1920 3731 2107 3804 hunc
2147 3737 2381 3804 tamen
2425 3731 2690 3828 respuit
2743 3729 3062 3805 utilitatis
3107 3731 3396 3809 titulum
3439 3741 3512 3808 et
3550 3735 3902 3811 honorem.
3972 3737 4148 3811 Hoc·

1087 3858 1147 3932 si
1211 3855 1368 3956 quis
1425 3861 1702 3954 propter
1767 3875 2057 3926 aureum
2114 3850 2292 3924 illud
2358 3855 2468 3924 cui
2529 3853 2692 3925 bono
2735 3849 3120 3951 improbat,
3181 3852 3438 3952 cogitet
3487 3854 3732 3943 velim,
3782 3867 4148 3954 quantum

1087 3979 1295 4052 homo
1352 3981 1653 4075 praestet
1721 3971 2071 4047 doctrinis.
2174 3971 2331 4045 Has
2389 3971 2572 4046 Clar.
2621 3971 2730 4045 De
2778 3972 3114 4047 Candolle
3161 3973 3504 4070 praeclare
3546 3975 3714 4050 dicit
3759 3977 3952 4077 regio
4001 3977 4138 4051 ho-

1088 4121 1253 4172 nore
1318 4095 1639 4172 colendas
1699 4117 1885 4179 esse,
1956 4099 2036 4166 ut
2095 4115 2170 4165 se
2216 4094 2409 4190 ipscoe
2451 4091 2826 4191 praebeant
2871 4092 3143 4192 generis
3187 4093 3478 4170 humani
3521 4095 3892 4172 ministras.
3977 4099 4148 4173 Iam

1088 4243 1247 4293 vero
1305 4216 1659 4292 hominem
1716 4223 1912 4288 curat
1954 4212 2107 4298 illa,
2156 4235 2338 4309 quae
2383 4212 2590 4313 longe
2637 4213 2772 4289 alio
2819 4237 3034 4313 quam
3077 4213 3342 4314 vulgari
3387 4215 3510 4316 illo
3547 4241 3757 4292 sensu
3801 4219 4148 4320 magistra.

1177 4531 1227 4612 ι)
1284 4534 1617 4594 Havemann
1667 4533 1729 4594 in
1786 4535 1939 4594 Go'cc.
1992 4536 2137 4596 Ans.
2190 4539 2381 4605 1842,
2439 4537 2525 4595 St.
2570 4538 2720 4608 125,
2759 4554 2816 4616 p.
2864 4537 3037 4598 1245.
3099 4537 3261 4612 Scio,
3305 4558 3420 4598 non
3459 4555 3680 4620 prorsus
3719 4537 3918 4600 eodem
3958 4539 4160 4601 redire

1094 4629 1355 4690 iudicium
1412 4629 1663 4689 Loebelli
1714 4629 1773 4689 in
1830 4633 2042 4707 (ἔνεμον
2092 4651 2196 4692 von
2253 4635 2429 4692 Toure
2483 4631 2598 4690 und
2644 4629 2791 4690 aeine
2829 4631 2960 4691 Zeia
2972 4676 2990 4705 ,
3043 4653 3098 4713 p.
3145 4639 3240 4695 21.
3321 4632 3432 4694 Sed
3471 4632 3631 4694 attuli
3668 4633 3766 4693 illa
3803 4635 3974 4696 verba
4015 4653 4146 4695 non

1096 4731 1211 4784 tam
1259 4723 1538 4804 scriptoris
1556 4767 1571 4796 ,
1624 4724 1685 4783 in
1728 4724 1879 4785 cuius
1916 4728 2195 4806 praeclaro
2234 4745 2402 4807 opere
2443 4725 2576 4786 vitia
2615 4723 3017 4786 animadvertas
3055 4729 3350 4792 virtutibus
3379 4727 3588 4802 vicina,
3632 4727 3894 4790 laudandi
3935 4751 4092 4793 cansa
4115 4772 4156 4800 r

1098 4839 1265 4902 quam
1304 4828 1365 4880 ut
1402 4839 1585 4881 meam
1622 4817 1691 4880 de
1729 4819 1848 4900 ipsa
1884 4841 1945 4882 re
1984 4822 2313 4884 sententiam
2354 4821 2638 4904 perspicuo
2675 4821 3022 4904 explicarem.
