4766 6034
1272 610 1403 674 1⁷4
1864 657 1871 662 -
2067 645 2075 658 ·
2358 607 2425 674 C.
2495 607 2770 674 STAR
2837 608 3216 676 NUMAN

1164 867 1169 874 ·
1260 838 1451 890 mam
1472 872 1491 903 ‚
1558 821 1804 888 natura
1866 838 1911 888 a
1954 811 2342 888 substantia
2362 869 2386 900 ,
2449 837 2626 912 quae
2680 821 2788 887 est
2827 813 3168 902 conditio,
3233 819 3456 891 status
3503 812 3580 888 in
3629 839 3771 914 quo
3817 817 4082 917 singula
4121 843 4230 894 ver·

1265 939 1524 1008 santur.
1624 932 1897 1006 Natura
1960 956 2117 1006 vero
2182 942 2291 1006 est
2356 933 2459 1008 vis
2517 933 2725 1008 insita
2774 935 3116 1010 universis
3170 959 3350 1034 quae
3409 934 3716 1011 animata
3763 945 3949 1012 sunt.
4043 940 4236 1038 Itaque

1260 1059 1511 1127 natura
1554 1059 1781 1126 terrae
1807 1039 1925 1124 'est
1973 1059 2051 1125 ut
2096 1051 2347 1127 herbas
2385 1053 2684 1152 proferat
2703 1112 2722 1143 ,
2771 1054 2956 1154 ignis
3011 1063 3096 1130 ut
3147 1054 3406 1134 ardeat.
3507 1054 3938 1132 Addendum
3979 1065 4235 1132 naturum

1264 1196 1412 1246 esse
1474 1171 1771 1244 hominis
1827 1178 1907 1244 ut
1960 1170 2169 1252 insita
2212 1172 2313 1246 vis
2362 1173 2675 1249 doctrina
2715 1183 3042 1272 rectoque
3095 1174 3293 1249 cultu
3337 1181 3845 1274 promoveatur.
3945 1175 4115 1265 Quae
4155 1176 4237 1248 vis

1264 1293 1323 1366 si
1366 1291 1444 1365 in
1489 1315 1566 1366 se
1604 1291 1903 1390 perfecta
1946 1300 2155 1388 atque
2208 1292 2300 1366 ad
2352 1317 2707 1368 summum
2768 1294 3102 1393 perducta
3159 1294 3248 1368 sit
3295 1301 3450 1368 tum
3505 1294 3792 1369 demum
3850 1294 3942 1369 ab
3983 1295 4234 1370 Anum-

1262 1435 1445 1488 ·rnnn
1506 1420 1757 1485 natura
1824 1411 2094 1486 dicitur.
2210 1412 2490 1510 Duplex
2533 1411 2645 1487 hic
2695 1437 2938 1512 sensus
2983 1419 3300 1490 accurate
3357 1412 3764 1494 retinendus
3811 1413 4236 1490 iureconsultis

1260 1539 1387 1607 est.
1458 1532 1841 1630 Disciplina
1882 1532 2103 1619 enim,
2150 1555 2331 1630 quae
2368 1532 2442 1606 in
2486 1533 2664 1606 iuris
2692 1541 2942 1609 natura
2979 1532 3398 1608 illustranda
3433 1541 3784 1622 versatur,
3831 1543 4140 1634 perpetuo
4158 1557 4238 1606 re·

1262 1650 1521 1750 spicere
1560 1652 1805 1740 debet,
1864 1678 1904 1728 a
1958 1678 2097 1750 quo
2139 1652 2329 1725 fonte
2369 1660 2442 1726 et
2483 1653 3078 1752 quemadmodum
3129 1653 3320 1740 iura,
3375 1652 3633 1750 quibus
3687 1654 3930 1752 populi
3981 1653 4078 1728 usi
4113 1660 4240 1726 sunt

1260 1777 1473 1869 atque
1513 1771 1741 1844 adhuc
1790 1777 2084 1854 utuntur
2102 1828 2121 1859 ,
2176 1770 2320 1844 sint
2362 1778 2556 1860 orta3
2599 1771 2961 1848 attendere·
2995 1771 3206 1846 debet
3251 1770 3346 1848 ad
3387 1796 3629 1846 eorum
3669 1795 3956 1846 cursum
3997 1795 4238 1870 cumque

1260 1899 1407 1966 tots
1454 1891 1869 1988 populorum
1920 1889 2059 1964 vita
2104 1890 2646 1965 cohaerentiam:
2711 1897 2866 1964 tum
2913 1915 3070 1966 vero
3108 1890 3200 1966 ad
3241 1891 3527 1991 perfecti
3569 1891 3742 1968 iuris
3781 1892 4240 1968 institutorum·

1262 2035 1400 2108 que
1464 2009 1819 2084 socialium
1886 2010 2181 2109 speeiem
2246 2010 2339 2086 ad
2397 2035 2610 2110 quam
2673 2011 3016 2110 exigenda
3079 2011 3219 2086 sint
3283 2011 3797 2110 prudenterque
3857 2010 4240 2086 emendanda

1257 2131 1409 2204 iura
1468 2135 1539 2203 et
1600 2129 1921 2204 instituta
1984 2128 2247 2226 quibus
2299 2138 2544 2230 gentes
2607 2139 2924 2206 utuntur.
3023 2131 3272 2229 quue
3329 2131 3554 2230 magis
3614 2128 3920 2204 hominis
3975 2139 4242 2205 naturam

1256 2249 1465 2323 homo
1510 2249 1759 2323 referre
1804 2249 2049 2322 merito
2094 2259 2416 2324 censetur
2443 2309 2462 2338 ,
2513 2276 2654 2350 quo
2703 2251 2928 2351 magis
2975 2251 3208 2326 animo
3251 2257 3462 2349 atque
3504 2249 3820 2349 exemplo
3869 2249 4010 2325 Dei
4045 2249 4242 2348 ima‘gi·

1252 2393 1413 2443 nem
1438 2427 1462 2456 ,Α
1506 2393 1717 2467 quam
1780 2369 1967 2442 solus
2026 2369 2241 2443 Insns
2308 2369 2684 2444 Cmusrns
2727 2369 2935 2468 plene
2975 2368 3354 2468 expressit,
3401 2367 3669 2444 referet.
3773 2369 4026 2468 Itaque
4085 2368 4138 2443 si
4180 2391 4246 2441 eo

1250 2489 1459 2563 modo
1517 2489 1686 2563 haec
1748 2488 1956 2562 verba
2014 2488 2385 2587 capiuntur
2441 2513 2596 2562 vere
2646 2489 2900 2587 pieque
2949 2488 3126 2564 hanc
3179 2483 3600 2562 sententiam
3640 2487 3888 2562 iterare
3937 2487 4240 2562 videmur:

1248 2609 1528 2684 Natura
1594 2613 1625 2682 i
1628 2613 1771 2683 uris
1845 2609 2247 2706 caphe-anda
2314 2611 2506 2682 nobis
2562 2615 2668 2682 est
2753 2633 2966 2708 eaque
3045 2610 3132 2682 ab
3205 2608 3498 2682 bominis
3568 2614 3822 2682 natura
3897 2610 4239 2706 repetenda.

1246 2727 1341 2800 Et
1390 2727 1557 2801 haec
1604 2753 1809 2802 causa
1854 2736 1963 2802 est
2006 2753 2129 2801 cur
2174 2728 2558 2802 doctrinam
2605 2727 2693 2801 de
2733 2753 2873 2826 qua
2924 2727 3198 2828 agimus
3243 2725 3476 2827 potius
3517 2733 3808 2808 naturae
3861 2727 4032 2800 iuris
4065 2749 4240 2826 quam

1242 2847 1412 2920 iuris
1478 2847 1809 2922 naturalis
1872 2849 2151 2924 nomine
2212 2847 2703 2946 significemus.
2769 2846 2951 2924 sed
3009 2844 3146 2920 alia
3201 2844 3411 2918 etiam
3469 2842 3600 2917 hoe
3655 2843 3804 2917 loeo
3861 2867 4238 2918 commemo·

1238 2963 1475 3040 randa.
1576 2964 1851 3039 Nomen
1922 2965 2107 3041 enim
2151 2963 2351 3039 ‘ill-ud
2423 2964 2656 3063 ipsum
2720 2967 2829 3039 ius
2891 2965 3206 3039 naturale
3284 2985 3610 3061 magnam
3677 2985 3958 3063 semper
4012 2963 4236 3063 peperit

1236 3083 1644 3183 opinionum
1720 3084 2325 3161 conturbationem
2401 3091 2614 3183 atque
2683 3084 3159 3161 confusionem
3230 3108 3408 3181 quae
3475 3082 3803 3159 scientiae
3869 3084 4244 3165 excolendae

1236 3206 1539 3280 multum
1584 3206 1841 3281 nocuit.
1968 3206 2178 3296 Quod
2228 3228 2434 3286 nemo
2483 3204 2994 3279 iureconsultus
3041 3202 3306 3277 inficias
3351 3200 3512 3290 ibit,
3579 3202 3692 3276 cui
3737 3211 3990 3302 sponte
4029 3203 4240 3302 triplex

1230 3325 1365 3400 ista
1430 3326 1506 3401 in
1568 3334 1873 3401 mentem
1944 3326 2134 3400 ven'it
2190 3324 2362 3399 iuris
2421 3324 2724 3400 Romani
2781 3323 3132 3399 distinctio
3151 3382 3172 3413 ,
3237 3346 3408 3403 crux
3467 3322 3602 3397 ista
3657 3321 3968 3405 tironum
4021 3322 4240 3421 pariter

1229 3453 1441 3543 atque
1488 3446 2111 3520 eruditissimorum
2155 3445 2328 3520 adeo
2385 3443 2838 3543 interpretum
2862 3502 2883 3531 ‚
2949 3444 3210 3542 quippe
3255 3442 3440 3516 inter
3485 3466 3662 3539 quos
3715 3466 3804 3517 ne
3857 3442 4062 3517 hodie
4111 3438 4238 3539 qui·

1230 3562 1391 3635 dem
1467 3562 1555 3635 de
1622 3586 1782 3636 vera
1854 3561 2005 3637 eius
2072 3562 2574 3661 significatione
2641 3569 2954 3649 constet3
3023 3561 3352 3661 quodque
3413 3561 3764 3635 neminem
3817 3561 4044 3661 fugiet
4062 3619 4082 3648 ,
4140 3558 4242 3655 qui

1226 3680 1585 3753 historiam
1628 3681 2034 3779 disciplinae
2081 3683 2171 3757 ad
2218 3690 2454 3758 nostra
2499 3706 2721 3781 usque
2750 3684 3084 3779 ‘tempora
3113 3681 3223 3755 ‚sit
3269 3691 3694 3781 persecutus,
3795 3682 3994 3755 Inter
4033 3676 4235 3753 Eccle-

1226 3798 1367 3872 siae
1427 3805 1657 3897 patres
1715 3808 1878 3873 ante
1938 3824 2178 3875 omnes
2227 3803 2722 3877 Auouswmma
2770 3800 2882 3875 hie
2928 3824 3296 3899 nuncupo,
3360 3825 3400 3875 e
3461 3799 3884 3875 scholasticis
3935 3800 4236 3873 Tanau

1224 3919 1677 3993 Asamum
1697 3977 1715 4005 ‚
1766 3918 2019 3991 deinde
2069 3918 2414 4017 principes
2461 3942 2577 3992 eos
2597 3915 2808 3991 ‘viros
2862 3917 2986 4016 qui
3031 3916 3382 4017 religionis
3427 3916 3862 3991 Christianae
3913 3914 4236 3991 sincerita-

1175 4044 1363 4111 ·tem
1406 4062 1721 4113 revocare
1762 4036 2235 4126 studuerunt,
2299 4048 2566 4136 postea·
2603 4038 3034 4114 Honnnslun
3055 4094 3078 4125 ,
3125 4035 3538 4125 Srmozsu,
3599 4036 3988 4123 Inonem,
4037 4033 4232 4107 Wei-

1225 4180 1442 4244 rum,
1514 4156 1989 4233 Rosssvnm:
2056 4157 2355 4256 denique
2412 4182 2529 4233 eos
2579 4156 2741 4256 qui,
2810 4156 3020 4232 modo
3083 4164 3352 4231 retento
3409 4156 3780 4243 vocabulo,
3850 4155 4060 4231 modo
4121 4152 4238 4226 alio

1221 4274 1537 4351 adhibito
1556 4335 1577 4365 ‚
1624 4276 1775 4351 iure
1822 4277 2121 4351 naturali
2160 4302 2299 4353 non
2338 4277 2515 4355 illud
2557 4277 2670 4353 ius
2713 4276 3384 4375 comprehenderunt
3425 4276 3616 4375 quod
3655 4300 3700 4350 a
3739 4285 3994 4351 natura
4035 4270 4236 4349 homi·

1218 4396 1333 4469 nis
1380 4395 1833 4472 derivandum
1880 4396 2017 4487 sit,
2062 4395 2379 4495 quamvis
2429 4420 2671 4471 omnes
2715 4396 2844 4479 hoc
2891 4396 3028 4471 sibi
3071 4395 3490 4483 sumserint,
3555 4394 3682 4471 sed
3723 4420 3768 4469 a
3817 4394 4082 4469 ratione
4117 4390 4230 4464 hu-

1216 4538 1423 4589 mana
1440 4572 1461 4603 ,
1510 4516 1733 4613 qualis
1781 4542 1928 4592 sese
1977 4517 2053 4593 in
2101 4516 2428 4599 omnibus
2467 4517 2750 4591 omnino
2795 4515 3194 4591 hominibus
3233 4516 3500 4591 ratione
3529 4539 3668 4591 non
3707 4514 3994 4589 omnino
4041 4508 4234 4591 desti·

1216 4632 1425 4723 tutis,
1468 4644 1538 4707 et
1581 4636 1873 4735 singulis
1918 4638 2224 4736 populis„
2270 4644 2341 4711 et
2385 4642 2636 4711 cuncto
2685 4659 2934 4736 genere
2971 4636 3278 4717 humano
3323 4634 3673 4734 aequabili
3709 4633 3916 4709 modo
3959 4630 4234 4733 prodere

1217 4752 1646 4830 censebatur.
1749 4756 1887 4830 His
1932 4756 2149 4856 igitur
2168 4814 2195 4847 ,
2265 4755 2420 4831 acius
2474 4756 2784 4833 naturale
2843 4754 3020 4831 illud
3071 4762 3214 4833 erat
3263 4757 3378 4831 ius
3425 4754 3615 4855 quod
3661 4753 3804 4829 sive
3847 4754 3924 4829 in
3971 4750 4234 4827 civitate
