4766 6034
1148 622 1282 690 ’66
2312 624 2458 693 .A.
2543 626 3056 695 KUENEN

1292 831 1546 906 Restat
1585 837 1669 904 ut
1712 829 1801 904 de
1851 827 2066 926 studii
2108 830 2326 906 nostri
2376 830 2781 910 difficultate
2831 835 3060 911 dicam
3079 892 3102 925 ,
3150 836 3344 935 'quae
3388 860 3470 913 ea
3513 860 3664 913 esse
3715 836 3973 913 dicitur
3987 897 4008 928 ‚
4059 847 4140 915 ut
4189 868 4233 916 a

1192 952 1515 1051 theologo
1581 950 1655 1025 in
1726 956 1922 1024 tanta
1980 974 2213 1025 rerum
2276 952 2858 1031 addiscendarum
2901 955 3100 1057 copia
3141 957 3334 1033 nullo
3379 964 3583 1058 pacto
3636 959 3946 1059 superari
3991 960 4228 1059 possit.

1068 1092 1081 1104 ·
1191 1072 1271 1147 Si
1330 1071 1613 1147 unicum
1681 1070 1811 1145 hoc
1866 1077 2219 1168 superest,
2285 1072 2476 1170 quod
2527 1074 2868 1165 solvatur,
2935 1076 3270 1166 dubium,
3320 1078 3544 1155 habeo
3594 1103 3759 1154 sane
3811 1080 4006 1177 quod
4060 1080 4229 1155 mihi

1186 1192 1527 1292 gratuler:
1588 1198 1698 1266 est
1752 1190 1939 1266 enim
1986 1191 2124 1267 tale
2176 1200 2259 1267 ut
2305 1218 2459 1269 rem
2476 1252 2499 1283 ‚
2546 1220 2591 1270 a
2631 1221 2746 1271 me
2791 1198 3400 1275 demonstrandam
3415 1257 3438 1288 ,
3485 1222 3578 1274 ne
3629 1206 3875 1299 tangat
3922 1199 4226 1298 quidem.

1181 1312 1677 1411 Plerarumque
1718 1311 2037 1387 omnium
2082 1312 2604 1413 disciplinarum
2643 1317 2990 1395 ambitum
3036 1318 3242 1395 hodie
3285 1317 3796 1420 amplissimum
3842 1344 3994 1395 esse
4015 1376 4038 1409 ,
4078 1344 4225 1395 om·
4323 1374 4326 1377 -

1181 1456 1306 1507 nes
1348 1440 1643 1507 norunt:
1692 1432 1857 1508 inde
1909 1457 2069 1507 vero
2125 1424 2404 1510 tantum
2446 1436 2578 1511 hoc
2627 1438 2944 1537 sequitur
2961 1498 2982 1528 ,
3032 1438 3345 1539 singulas
3392 1464 3636 1516 earum
3676 1447 3909 1539 part‘es
3952 1463 4094 1514 non
4137 1440 4224 1515 ab

1177 1551 1415 1627 omnib
1423 1577 1505 1627 us
1568 1552 1814 1627 eodem
1874 1551 2108 1628 studio
2152 1561 2223 1629 et
2264 1556 2507 1631 ardore
2556 1557 2775 1632 excoli
2822 1583 3026 1658 posse
3042 1617 3063 1650 ,
3113 1558 3404 1635 minime
3451 1584 3612 1635 vero
3659 1559 4028 1635 nonnullas
4072 1567 4224 1637 tuto

1174 1673 1459 1773 negligi.
1560 1674 1895 1747 Attamen
1952 1675 2224 1749 eadem=
2257 1674 2428 1751 haec
2485 1702 2529 1751 a
2579 1677 2923 1779 theologis
2992 1680 3183 1755 haud
3241 1704 3398 1755 raro
3450 1678 3795 1778 profertur
3841 1679 4077 1778 opinio
4094 1737 4115 1767 ,
4166 1681 4222 1755 si

1174 1793 1263 1867 de
1323 1792 1413 1871 V.
1476 1794 1907 1868 Testamenti
1966 1794 2530 1895 interpretatione
2603 1807 2676 1873 et
2751 1784 2839 1874 de
2911 1800 3272 1875 universae
3334 1799 3772 1900 antiquitatis
3833 1798 4220 1875 Hebraicae

1174 1912 1410 1988 studio
1453 1938 1677 1988 sermo
1722 1923 1851 1991 est.
1947 1915 2327 2017 Philologis
2366 1916 2547 1993 illud
2585 1918 3124 2019 relinquendum
3171 1944 3322 1996 esse
3368 1918 3804 2009 existimant3
3853 1918 3928 1993 in
3973 1918 4219 1995 horum

1170 2034 1473 2113 inventis
1525 2042 1597 2108 et
1639 2035 2047 2111 auctoritate
2093 2036 2432 2137 theologis
2450 2096 2471 2127 ,
2520 2038 2659 2113 nisi
2697 2041 3025 2117 omnibus
3044 2100 3065 2131 ‚
3113 2039 3462 2140 plerisque
3503 2039 3748 2114 saltem
3765 2096 3786 2127 ,
3837 2036 4214 2113 subsisten-

1170 2153 1346 2228 dum
1410 2178 1598 2240 esse3
1666 2162 2013 2252 praestare
2078 2156 2265 2231 enim
2322 2156 2786 2256 ignorantiam
2849 2160 3052 2237 fateri
3070 2219 3091 2250 ,
3152 2184 3368 2259 quam
3427 2159 3504 2233 in
3561 2183 3635 2233 re
3651 2218 3674 2247 ,
3742 2158 3942 2233 euius
3996 2159 4214 2257 prima

1164 2278 1444 2347 tantum
1506 2271 1705 2346 initia
1763 2271 2169 2375 delibaveris
2186 2331 2208 2364 ,
2270 2275 2406 2348 tibi
2461 2301 2779 2375 arrogare
2836 2280 3198 2359 iudicium.
3310 2280 3406 2353 Et
3455 2303 3616 2354 vero
3659 2278 3943 2354 alterius
3992 2278 4212 2353 utrius

1164 2390 1355 2491 optio
1411 2387 1472 2465 si
1514 2388 1832 2465 facienda
1872 2397 2056 2465 esset
2072 2446 2093 2479 ,
2144 2414 2275 2491 ego
2312 2392 2582 2491 primus
2597 2452 2618 2482 ,
2665 2395 2824 2469 AA.
2843 2453 2866 2484 ‚
2913 2395 3090 2471 illud
3139 2398 3671 2495 praeferendum
3717 2422 3869 2473 esse
3908 2423 4208 2498 pronun·

1164 2510 1441 2587 tiarem:
1508 2534 1753 2585 verum
1810 2509 1945 2585 hoc
2003 2510 2240 2609 ipsum
2280 2512 2722 2589 vehementer
2765 2538 2968 2615 nego.
3069 2515 3182 2590 Ne
3231 2514 3462 2591 dicam
3507 2514 3696 2591 enim
3715 2572 3736 2603 ,
3785 2539 3928 2591 non
3975 2518 4210 2593 decere

1159 2633 1632 2709 Protestantes
1651 2624 1689 2719 ‚'
1730 2630 1857 2729 qui
1913 2631 1990 2705 in
2056 2631 2268 2707 rebus
2329 2632 2424 2708 ad
2476 2631 2882 2732 religionem
2933 2634 3446 2735 pertinentibus
3505 2658 3786 2711 omnem
3836 2636 4208 2712 humanam

1158 2750 1473 2826 reiiciant
1539 2749 2019 2826 auctoritatem
2038 2808 2059 2841 ‚
2128 2752 2309 2827 hanc
2368 2776 2740 2853 agnoscere
2789 2753 2866 2830 in
2920 2757 2993 2831 S.
3054 2754 3332 2831 Codicis
3381 2754 3944 2854 interpretatione
3961 2812 3982 2845 ,
4033 2779 4205 2853 quae
4335 2826 4340 2833 .

1160 2870 1377 2945 totius
1416 2867 1801 2968 theologiae
1843 2869 2061 2979 veluti
2103 2868 2643 2947 fundamentum
2685 2880 2828 2948 est:
2879 2872 3330 2951 falsissimum
3369 2900 3520 2952 esse
3557 2874 3855 2951 arbitror
3873 2932 3894 2964 ,
3941 2882 4204 2952 tantam

1157 3014 1202 3065 a
1242 2987 1579 3090 theologis
1622 2988 1815 3064 nullo
1858 2987 2010 3065 iure
2054 2980 2390 3089 postulari
2429 2990 2710 3092 linguae
2753 3000 2825 3069 et
2862 2992 3252 3072 Hebraicae
3289 3001 3361 3070 et
3396 2994 3810 3072 Chaldaicae
3850 2995 4200 3083 notitiam,

1154 3115 1241 3184 ut
1287 3107 1359 3184 in
1434 3109 1959 3208 quaestionibus
2005 3110 2099 3185 ad
2139 3111 2629 3211 antiquitatem
2681 3113 3107 3192 Hebraicam
3157 3115 3666 3214 pertinentibus
3717 3116 3858 3215 ipsi
3900 3116 4196 3192 iudicare

1154 3230 1444 3306 valeant.
1506 3227 1819 3305 Ulterius
1858 3229 2046 3306 enim
2080 3233 2595 3331 procedendum
2636 3259 2773 3310 non
2817 3243 2963 3312 est:
3005 3235 3458 3312 dialectorum
3497 3237 3812 3333 affinium
3848 3236 4158 3312 studium
4174 3291 4196 3322 ,

1152 3349 1601 3448 quantumvis
1656 3350 1827 3424 utile
1845 3408 1866 3438 ,
1932 3358 2079 3425 tam
2138 3351 2275 3428 late
2327 3361 2562 3453 patet,
2627 3363 2708 3432 ut
2747 3349 2970 3432 totam
3018 3355 3319 3432 hominis
3367 3363 3609 3457 poscat
3661 3335 4001 3434 aetatem:
4050 3355 4193 3430 the-

1154 3471 1375 3571 ologis
1430 3494 1598 3569 ergo
1654 3469 1731 3545 in
1785 3470 2029 3569 primis
2082 3495 2319 3548 earum
2368 3472 2588 3549 initiis
2641 3474 3171 3552 subsistendum
3215 3483 3343 3554 est.
3447 3477 3524 3552 Si
3569 3484 3806 3553 autem
3855 3476 3982 3575 qui
4032 3476 4192 3554 haec

1156 3589 1550 3665 didicerunt
1570 3648 1589 3678 ,
1642 3588 1906 3688 quique
1944 3596 2297 3689 praeterea
2340 3593 2563 3693 ipsius
2604 3593 2692 3671 V.
2725 3595 3154 3671 Testamenti
3193 3597 3509 3696 linguam
3555 3596 3724 3673 satis
3775 3603 4019 3672 tenent
4037 3654 4058 3686 ,
4104 3594 4190 3672 ad

1149 3709 1787 3809 interpretationem
1854 3733 1929 3786 se
1996 3711 2406 3811 accingunt,
2475 3738 2616 3789 non
2670 3714 2869 3792 video
2888 3774 2911 3805 ,
2959 3715 3135 3815 quid
3182 3740 3600 3815 magnopere
3653 3715 4182 3792 desiderandum

1138 3829 1467 3929 supersit.
1564 3829 1860 3905 Etiamsi
1922 3830 2111 3906 enim
2180 3831 2583 3933 disciplinae
2643 3837 2820 3911 fines
2883 3836 2973 3912 ab
3023 3835 3160 3912 illis
3206 3859 3348 3910 non
3393 3827 3828 3935 proferantur
3845 3894 3866 3926 ,
3929 3835 4006 3912 in
4067 3835 4200 3920 iis‚‘

1147 3975 1327 4051 quae
1389 3949 1531 4024 iam
1592 3948 1759 4025 satis
1823 3957 2179 4040 constant,
2242 3953 2344 4029 nil
2401 3954 2635 4055 inepte
2680 3956 2906 4032 moliri
2925 4015 2946 4045 ,
2996 3980 3156 4033 vera
3204 3955 3434 4030 ubivis
3487 3980 3530 4031 a
3568 3954 3760 4032 falsis
3799 3978 4144 4030 secernere
4159 4009 4180 4038 ‚

1141 4069 1437 4146 aliorum
1506 4068 1807 4169 denique
1878 4070 2233 4146 laboribus
2295 4097 2554 4173 magno
2625 4101 2789 4152 cnm
2863 4075 3099 4152 fructu
3170 4074 3278 4151 uti
3349 4081 3714 4175 poterunt:
3782 4074 3974 4172 quod
4031 4095 4178 4149 vero

1140 4188 1428 4266 maximi
1478 4196 1585 4265 est
1638 4191 2010 4279 momenti,
2061 4191 2135 4266 in
2185 4190 2395 4266 rebus
2445 4192 2722 4268 incertis
2770 4201 2843 4268 et
2887 4193 3124 4268 dubiis
3175 4193 3640 4292 ignorantiam
3684 4190 3884 4268 fateri
3902 4250 3922 4280 ,
3973 4213 4175 4291 quam

1138 4309 1519 4386 temerariis
1581 4311 1875 4388 aliorum
1929 4310 2339 4387 coniecturis
2401 4336 2764 4389 assensum
2805 4309 3149 4412 praebere
3195 4313 3412 4388 satius
3455 4313 3733 4390 ducent.
3835 4312 3986 4391 Qui
4025 4333 4174 4388 vero

1138 4454 1177 4503 e
1233 4429 1711 4530 theologorum
1776 4455 2068 4508 numero
2126 4432 2202 4506 in
2268 4430 2456 4508 hisce
2521 4432 2772 4508 studiis
2824 4433 3006 4508 vitae
3045 4432 3570 4508 tabernaculum
3613 4433 3942 4510 collocare
3989 4427 4172 4529 eupi-

1136 4554 1307 4638 unt,
1370 4573 1460 4623 ne
1526 4552 1801 4650 magnis
1820 4611 1841 4642 ‚
1906 4553 2167 4652 quibus
2224 4561 2676 4652 premuntur,
2747 4553 3271 4630 difficultatibus
3325 4553 3654 4630 deterreri
3709 4577 3858 4630 sese
3909 4552 4171 4635 sinant,

1134 4691 1309 4742 neve
1358 4667 1765 4745 existiment
1782 4730 1802 4760 ,
1865 4697 1939 4748 se
1991 4698 2139 4749 rem
2209 4699 2415 4774 agere
2485 4699 2666 4772 quae
2683 4731 2704 4762 ,
2771 4673 3088 4773 quamvis
3135 4673 3535 4772 ceteroquin
3584 4672 3778 4748 utilis
3798 4732 3820 4762 ‚
3885 4698 3929 4746 a
3973 4667 4168 4746 disci·

1138 4787 1329 4885 plina
1346 4847 1393 4882 ,⁸
1438 4787 1555 4864 cui
1615 4789 1897 4868 nomina
1956 4792 2338 4883 dederunt,
2404 4820 2447 4870 a
2515 4817 2801 4888 munere
2822 4851 2844 4883 ,
2909 4793 3102 4893 quod
3143 4793 3516 4894 aliquando
3553 4799 3834 4894 gerent,
3880 4787 4167 4868 Ecclesi-
