4766 6034
1149 595 1320 665 ’290
2401 593 2473 666 Ε.
2542 595 2599 666 J.
2664 578 3042 678 KIE'HL,

1181 802 1438 879 nostris
1475 827 1676 902 opus.
1795 804 2048 903 Neque
2091 807 2200 878 est
2241 801 2393 878 sine
2438 803 2675 880 dubio.
2751 805 2935 896 Non,
2958 828 3137 904 opus
3184 807 3293 880 est
3338 805 3421 878 ut
3458 801 3521 880 si
3560 803 3723 905 quis
3764 803 3961 882 faber
4012 804 4209 906 ligna·

1183 922 1328 998 rius
1361 923 1644 998 futurus
1681 929 1788 998 est
1806 980 1827 1013 ,
1873 931 2001 999 aut
2047 922 2348 999 aerarius
2399 922 2575 998 forte
2597 982 2618 1013 ,
2668 924 2730 998 si
2780 925 2938 1024 quis
2978 947 3229 1024 agrum
3272 923 3495 999 colere
3532 925 3730 1024 cupit
3788 934 3917 1002 aut
3952 928 4211 1026 negotis

1181 1041 1404 1118 facere
1422 1100 1443 1131 ,
1509 1042 1572 1117 si
1632 1043 1791 1142 quis
1833 1042 1978 1118 sive
2021 1067 2254 1118 rerum
2299 1049 2589 1120 naturae
2637 1049 2905 1143 partem
2958 1043 3264 1142 aliquam
3284 1100 3306 1132 ,
3372 1042 3485 1118 vel
3526 1044 4012 1120 machinarum
4062 1045 4214 1120 istas

1178 1162 1425 1238 moles·
1459 1171 1532 1239 et
1601 1162 1928 1240 miracula
1999 1169 2272 1238 nostrae
2329 1163 2577 1238 aetatis
2640 1161 2913 1238 curabit
2963 1160 3339 1261 aliquando
3360 1219 3384 1252 ,
3431 1186 3573 1238 non
3625 1188 3809 1264 opus
3854 1171 3965 1238 est
4006 1187 4213 1263 neque

1087 1332 1104 1346 -
1176 1281 1365 1357 hisce
1433 1306 1662 1381 neque
1728 1283 1890 1359 ullis
1962 1281 2208 1359 litteris
2225 1341 2245 1372 ‚
2313 1289 2601 1358 eatenus
2654 1282 2899 1358 saltem
2918 1338 2940 1371 ,
3005 1280 3239 1382 quoad
3283 1281 3435 1356 eius
3474 1281 3565 1356 de
3610 1307 3755 1381 quo
3798 1282 4092 1360 dicimus
4128 1284 4215 1358 nil

1174 1401 1382 1475 refert
1441 1401 1968 1478 humanioribus
2027 1400 2493 1478 annumerari.
2594 1384 2847 1501 Neque
2897 1402 3027 1477 hoc
3076 1407 3362 1476 externa
3409 1407 3687 1477 tantum
3740 1409 4009 1501 spectat
4024 1460 4047 1491 ,
4106 1402 4213 1479 sed

1179 1520 1287 1596 vel
1353 1521 1746 1598 istiusmodi
1799 1522 2115 1598 homines
2179 1521 2479 1596 fidenter
2530 1520 2639 1595 aio
2684 1520 2937 1595 melius
2956 1578 2976 1609 ,
3026 1527 3099 1597 et
3142 1519 3429 1596 liberius
3449 1578 3472 1609 ,
3534 1521 3707 1620 quin
3758 1521 3979 1597 immo
4024 1521 4212 1596 latius

1176 1641 1388 1716 etiam
1419 1666 1571 1717 esse
1603 1643 2217 1742 circumspectums
2243 1641 2851 1740 intellecturosque
2894 1665 3004 1716 res
3045 1640 3391 1715 humanas
3410 1697 3432 1728 ,
3480 1639 3545 1715 si
3566 1641 3933 1740 cognorint
3972 1641 4215 1716 litteras

1173 1760 1584 1839 recentiores
1645 1763 1744 1838 ita
1761 1821 1782 1852 ,
1847 1771 1930 1838 ut
1989 1762 2161 1861 ipsis
2205 1760 2569 1838 commode
2639 1767 2964 1849 utantur3
3023 1759 3216 1859 quod
3262 1759 3413 1834 sine
3469 1765 3785 1835 veterum
3834 1783 4213 1836 sermonum

1176 1880 1631 1958 fundamento
1679 1882 1830 1958 fieri
1867 1882 1984 1956 vix
2025 1905 2228 1982 posse
2267 1880 2815 1981 suprabstendi.
2914 1880 3241 1956 Penetrat
3290 1879 3683 1955 litterarum
3730 1880 3835 1955 vis
3878 1880 3953 1955 in
4000 1881 4215 1980 ipsum

1175 2001 1487 2076 animum
1510 2060 1532 2090 ,
1605 2006 1678 2076 'et
1740 2001 2086 2101 quidquid
2148 2001 2316 2077 boni
2381 2001 2629 2102 legeris
2647 2059 2667 2090 ,
2739 1999 3091 2100 quaelibet
3158 1998 3435 2074 dicendi
3451 2055 3473 2088 ,
3536 2000 3681 2074 sive
3734 2000 3993 2100 agendi
4042 2000 4211 2099 eogi-

1173 2121 1454 2196 tandive
1508 2120 1684 2196 ratio
1706 2179 1748 2211 ,0
1794 2145 2008 2220 quam
2066 2121 2245 2197 bene
2313 2121 2448 2197 tibi
2508 2127 2939 2221 perspectam
2994 2119 3309 2220 probaris
3326 2175 3348 2207 ,
3410 2117 3542 2193 tibi
3602 2119 3817 2196 etiam
3874 2120 3950 2194 in
4000 2128 4212 2220 poste·

1170 2263 1328 2314 rum
1346 2298 1367 2329 ,
1416 2247 1642 2339 teque
1699 2235 2144 2316 sectantibus
2170 2265 2312 2319 non
2360 2241 2656 2342 peribit,
2708 2239 3094 2316 dummodo
3150 2238 3227 2313 in
3278 2245 3351 2313 te
3412 2238 3639 2316 bonae
3690 2239 3919 2340 fmgis
3967 2239 4215 2338 aliquid

1170 2360 1321 2435 erit.
1435 2360 1595 2437 Hoc
1658 2367 1896 2435 autem
1961 2360 2023 2434 si
2083 2384 2257 2460 puer
2271 2419 2292 2451 ,
2358 2358 2613 2435 deinde
2676 2355 3233 2434 adolescentulus
3296 2378 3439 2431 non
3510 2355 3837 2431 didiceris
3854 2413 3877 2444 ,
3949 2356 4215 2455 quando

1171 2478 1447 2554 disces?
1545 2480 1730 2554 Cum
1793 2478 2054 2554 scilicet
2113 2479 2268 2579 ipsa
2325 2485 2399 2554 te
2456 2478 2599 2554 vita
2620 2537 2643 2568 ,
2708 2477 2999 2577 eiusque
3056 2476 3201 2552 sive
3260 2475 3481 2552 ardua
3540 2475 3687 2551 sive
3756 2476 4065 2552 iucunda
4119 2476 4215 2550 vel

1171 2605 1499 2704 premunt
1562 2598 1672 2674 vel
1731 2597 2078 2687 alliciunt,
2143 2598 2613 2698 exspectarine
2630 2655 2653 2688 ,
2722 2603 2796 2672 et
2852 2619 3060 2696 saepe
3122 2596 3231 2672 vel
3292 2595 3537 2672 fierine
3604 2601 3841 2696 potest
3866 2653 3889 2686 ,
3938 2603 4011 2672 te
4052 2619 4216 2671 nova

1173 2717 1406 2792 studia
1468 2717 1911 2818 incepturum
1973 2716 2122 2794 sive
2189 2742 2429 2794 rerum
2489 2743 2667 2817 quas
2720 2717 2875 2817 ipse
2937 2741 3179 2793 cernas
3195 2772 3219 2806 ,
3282 2715 3431 2792 sive
3500 2739 3745 2792 earum
3764 2772 3787 2804 ,
3850 2739 4028 2815 quas
4072 2714 4219 2791 libri

1169 2834 1506 2911 tradunt?

1265 2955 1428 3033 Hoc
1490 2962 1728 3033 autem
1789 2980 1931 3034 non
1991 2964 2100 3034 est
2115 3015 2136 3049 ,
2205 2981 2348 3058 quo
2396 2957 2473 3033 in
2518 2963 2930 3058 argumento
2985 2956 3155 3034 haec
3204 2953 3447 3033 studia
3500 2953 4045 3055 praeclarissime
4092 2953 4217 3030 ful·

1174 3082 1364 3174 gent.
1466 3074 1628 3151 Hoc
1687 3074 1879 3165 volo,
1954 3077 2375 3176 paucissima
2437 3100 2588 3153 esse
2647 3076 2722 3151 in
2814 3074 2957 3151 vita
3016 3075 3223 3153 tanti
3274 3074 3492 3151 simul
3540 3076 3883 3151 momenti
3934 3084 4008 3151 et
4055 3074 4217 3151 adeo

1176 3192 1476 3284 lubn'ca,
1541 3220 1754 3296 quam
1793 3196 1914 3271 illa
1954 3196 2232 3272 selectio
2271 3196 2455 3272 vitae
2498 3196 2824 3285 futurae,
2886 3220 3069 3295 quae
3114 3204 3353 3273 tamen
3402 3194 3732 3270 omnibus
3774 3195 3917 3270 fere
3958 3196 4214 3270 incum-

1172 3314 1324 3405 bit,
1396 3322 1468 3391 et
1531 3316 1706 3391 solet
1769 3314 2173 3391 incumbere
2237 3317 2314 3390 in
2377 3314 2700 3415 pueritia.
2826 3316 2933 3391 Ea
2994 3338 3155 3392 vero
3202 3323 3377 3415 quot
3436 3315 3857 3414 quantisque
3908 3313 4217 3413 periculis

1173 3431 1526 3532 cingitur?
1626 3435 1932 3524 Omitto,
1997 3436 2062 3510 si
2125 3443 2541 3535 argumenta
2597 3460 2643 3510 a
2695 3434 2899 3532 pueri
2942 3433 3223 3535 ingenio
3270 3436 3543 3524 aliena,
3610 3434 3677 3509 si
3720 3435 3828 3509 rei
3870 3433 4215 3509 familiaris

1177 3551 1770 3629 administrandae
1801 3553 2020 3645 ratio,
2069 3556 2130 3629 si
2178 3554 2479 3655 eorporis
2526 3552 2825 3630 animive
2874 3551 3189 3631 defectus
3226 3554 3515 3655 quidam
3562 3553 3801 3629 adsint
3842 3554 4211 3655 graviores,

1179 3670 1242 3745 si
1279 3696 1406 3771 per
1447 3671 1590 3747 vim
1637 3671 1902 3771 aliquid
1920 3731 1942 3762 ,
1989 3681 2116 3750 aut
2163 3698 2462 3749 errorem
2506 3672 2957 3750 manifestum
3003 3680 3274 3774 agatur.
3355 3672 3445 3747 Id
3502 3672 3819 3773 intelligo
3836 3731 3859 3762 ,
3908 3674 3969 3749 si
4012 3671 4213 3749 ambo

1181 3790 1324 3865 sint
1389 3798 1710 3892 parentes
1769 3800 1845 3867 et
1901 3793 1976 3867 in
2035 3792 2208 3871 vivis
2222 3852 2244 3885 ,
2307 3800 2382 3869 et
2442 3794 2723 3893 ingenio
2788 3818 2931 3869 non
2978 3793 3083 3870 ita
3132 3793 3398 3869 debiles
3418 3851 3441 3884 ,
3492 3793 3555 3868 si
3604 3792 3981 3869 benevolus
4030 3800 4209 3867 uter·

1179 3934 1318 4010 que
1336 3969 1358 4001 ,
1425 3910 1488 3987 si
1543 3936 1684 3989 non
1741 3912 2036 3989 obtusus
2097 3914 2188 3989 sit
2235 3913 2427 4013 quod
2472 3914 2567 3989 ad
2604 3913 2971 4013 ingenium
3016 3913 3283 4014 puerile
3322 3913 3886 4013 cognoscendum
3930 3913 4209 4018 attinet,

1179 4030 1242 4104 si
1285 4054 1412 4106 -res
1476 4055 1603 4121 ea,
1667 4056 1814 4131 qua
1862 4056 1989 4133 par
2051 4040 2200 4123 est,
2264 4032 2636 4133 prudentia
2682 4040 2965 4133 agatur,
3012 4034 3077 4109 si
3122 4033 3277 4132 ipse
3327 4031 3641 4132 denique
3688 4058 3861 4132 puer
3910 4040 3983 4107 et
4034 4031 4209 4106 bene

1178 4157 1490 4225 moratus
1557 4151 1648 4225 sit
1709 4174 1938 4251 neque
1993 4150 2275 4252 ingenio
2331 4152 2573 4229 infelix
2630 4152 2738 4228 vel
2788 4152 3015 4229 faHaci
3070 4154 3373 4251 quadam
3440 4152 3741 4229 scintilla
3780 4158 4207 4236 occaecatus,

1178 4294 1358 4369 quae
1429 4256 1679 4347 cuncta
1745 4279 1826 4347 ut
1885 4272 1960 4346 in
2027 4296 2251 4347 unum
2311 4278 2731 4348 concurrunt
2792 4272 2983 4372 apud
3046 4272 3345 4365 multos,
3418 4271 3519 4348 ita
3576 4270 4039 4366 certissimum
4104 4274 4206 4343 est

1177 4398 1249 4465 et
1312 4389 1544 4466 flebile
1561 4449 1582 4480 ‚
1649 4392 1947 4467 nimium
2001 4390 2261 4467 multos
2311 4390 2631 4491 pluribus
2688 4415 2779 4466 ex
2838 4390 3027 4467 hisee
3084 4393 3407 4469 caruisse.
3534 4392 3691 4467 Iam
3769 4389 4037 4465 etiamsi
4102 4388 4205 4461 vel

1175 4510 1346 4587 haec
1411 4510 1778 4586 utilissima
1839 4510 2247 4588 conveniant
2261 4568 2284 4602 ,
2345 4511 2501 4586 fieri
2563 4510 2679 4587 vix
2734 4518 2967 4610 potest
2982 4569 3004 4601 ,
3074 4512 3245 4611 quin
3296 4512 3407 4589 vel
3452 4511 3553 4587 sic
3606 4517 3731 4585 aut
3772 4509 3981 4585 nimis
4020 4506 4203 4583 mul·

1175 4638 1332 4705 tum
1395 4636 1520 4705 aut
1581 4628 1756 4705 forte
1817 4654 1960 4707 non
2029 4631 2200 4707 satis
2257 4631 2613 4707 tribuatur
2669 4630 2779 4707 vel
2834 4631 3343 4731 praeiudicatae
3406 4630 3689 4709 cuidam
3753 4628 4029 4705 alterius
4082 4650 4205 4727 pa·

1183 4748 1398 4825 rentis
1447 4750 1796 4851 opinioni,
1860 4752 1972 4829 vel
2023 4751 2305 4841 alterius
2355 4750 2533 4829 votis
2578 4774 2781 4853 saepe
2828 4750 3065 4829 minus
3118 4750 3519 4829 liberalibus
3535 4808 3559 4841 ,
3627 4756 3708 4825 ut
3764 4758 3957 4848 pater
4006 4744 4203 4821 verbi
