4766 6034
2005 635 2563 708 onsrro.
3215 621 3221 626 ’
3676 643 3804 710 131

745 855 816 919 et
859 844 1242 920 arctissimo
1287 845 1592 944 quodam
1639 869 1827 920 nexu
1867 848 2321 937 cohaerent,”
2377 849 2477 924 sic
2522 855 2709 924 certo
2754 849 3013 924 certius
3048 847 3317 924 nullam
3360 873 3515 924 esse
3555 850 3784 947 Ency-

742 967 1134 1065 clopaediae
1177 965 1630 1066 Theologicae
1674 975 1946 1067 partem
1969 1027 1988 1058 ,
2037 969 2238 1044 cuius
2276 994 2441 1045 cum
2484 969 2731 1044 ceteris
2762 968 2977 1046 huius
3014 969 3437 1069 Disciplinae
3467 969 3789 1068 partibus

743 1112 882 1163 non
928 1087 1316 1162 communis
1359 1087 1703 1186 quaedam
1747 1089 1839 1164 sit
1888 1115 1968 1165 ac
2009 1090 2395 1166 necessaria
2434 1091 2773 1190 cognatio,

841 1209 943 1282 Ut
1000 1233 1158 1284 vero
1216 1201 1422 1284 nemo
1492 1208 1660 1284 haec
1716 1235 1759 1286 a
1824 1235 1938 1286 me
1997 1210 2182 1286 dicta
2236 1211 2312 1285 in
2359 1236 2645 1287 sensum
2688 1235 2731 1285 a
2776 1235 2932 1286 mea
2974 1217 3209 1286 mente
3251 1209 3556 1284 alienum
3609 1209 3783 1284 acci-

741 1329 887 1428 piat
909 1387 929 1418 ‚
996 1329 1168 1427 quid
1233 1329 1442 1404 velim
1500 1330 1711 1429 paulo
1774 1330 2160 1407 accuratius
2206 1331 2495 1406 definire
2536 1330 2755 1406 lubet.
2802 1371 2902 1388 ·-
2946 1331 3040 1404 Et
3080 1353 3245 1410 sane
3282 1328 3471 1404 haud
3518 1329 3785 1403 inficior

599 1451 610 1460 '
743 1450 1094 1524 Historiae
1133 1449 1650 1527 Ecclesiasticae
1689 1459 1762 1526 et
1801 1451 2217 1552 Theologiae
2244 1451 2535 1528 Moralis
2570 1449 2975 1551 disciplinas
2992 1511 3013 1541 ‚
3064 1449 3376 1550 singulas
3399 1449 3493 1524 ad
3516 1449 3787 1524 scholae

741 1569 1174 1669 diligentiam
1213 1577 1492 1646 exactas
1513 1630 1534 1660 ‚
1587 1572 1871 1671 suisque
1909 1573 2228 1648 cancellis
2273 1572 2830 1671 circumscriptas
2854 1629 2875 1661 ,
2925 1571 3229 1647 diversas
3270 1570 3554 1684 omnino
3592 1594 3782 1668 spec·

739 1699 886 1764 tare
948 1690 1364 1800 'l'heologiae
1427 1700 1659 1792 partes
1682 1752 1702 1781 ,
1774 1695 2086 1794 adeoque
2151 1695 2226 1768 in
2289 1683 2542 1770 anhelis
2588 1693 2875 1768 seorsim
2922 1717 3073 1767 esse
3118 1691 3532 1768 tractandas.
3633 1689 3791 1764 Hoc

740 1812 1079 1888 duntaxat
1154 1814 1230 1887 in
1297 1821 1566 1888 mente‘
1600 1813 1820 1888 habui
1840 1872 1859 1903 ,
1928 1815 2054 1890 has
2098 1814 2515 1914 Theologiae
2567 1821 2799 1914 partes
2846 1812 2947 1887 ita
2992 1837 3145 1888 esse
3190 1817 3617 1910 comparatas
3637 1868 3658 1899 ,
3710 1818 3791 1884 ut

737 1931 954 2007 altera
1016 1920 1136 2008 ab'
1180 1933 1395 2008 altera
1447 1930 1734 2008 minime
1801 1935 1893 2010 sit
1948 1936 2172 2011 aliena
2192 1995 2212 2024 ,
2285 1936 2409 2010 sed
2453 1935 2689 2035 potius
2728 1939 2980 2008 mutuo
3018 1932 3325 2032 quodam
3360 1929 3789 2030 cognationis

739 2053 1013 2127 vinculo
1085 2053 1225 2127 sint
1291 2052 1743 2142 coniunctae;
1815 2054 1915 2130 ita
1959 2054 2244 2155 quidem
2301 2063 2381 2131 ut
2422 2080 2566 2131 una
2614 2054 2905 2130 alteram
2942 2054 3279 2141 illustret,
3327 2052 3543 2126 altera
3590 2049 3789 2126 alteri

741 2170 1022 2245 mirifice
1059 2170 1276 2270 prosit
1326 2179 1539 2269 atque
1581 2171 1966 2272 opituletur
1982 2206 2001 2260 3
2063 2173 2378 2273 adeoque
2422 2174 2495 2247 in
2545 2173 2911 2272 utriusque
2957 2174 3191 2248 studio
3234 2195 3465 2271 neque
3504 2171 3637 2244 hoc
3684 2171 3787 2246 illi

737 2317 888 2368 esse
937 2291 1499 2392 anteponendum
1523 2350 1543 2380 ,
1591 2316 1822 2391 neque
1866 2293 1940 2367 in
1990 2293 2122 2368 hoc
2160 2293 2362 2369 illove
2410 2294 2693 2394 segnius
2715 2353 2735 2383 ,
2794 2293 2921 2368 sed
2972 2293 3259 2369 omnino
3302 2292 3403 2367 ita
3438 2315 3589 2365 esse
3642 2315 3785 2365 ver-

736 2413 1034 2488 sandum
1053 2471 1073 2502 ‚
1141 2419 1224 2486 ut
1281 2411 1460 2486 illud
1524 2411 1735 2488 huius
1796 2413 2054 2489 auxilio
2109 2439 2368 2514 magno
2412 2414 2561 2489 sine
2607 2415 2867 2490 damno
2907 2439 3135 2490 carere
3176 2438 3319 2489 non
3365 2436 3567 2514 posse
3588 2469 3609 2498 ,
3660 2411 3789 2486 hoc

735 2533 824 2607 ab
896 2534 1017 2608 illo
1074 2533 1504 2631 permultum
1565 2533 1892 2631 praesidii
1961 2541 2172 2634 atque
2237 2535 2629 2611 ornamenti
2692 2534 2999 2611 mutuari
3020 2594 3041 2624 ‚
3116 2533 3333 2635 probe
3402 2541 3785 2608 teneamus,

734 2653 951 2732 Quod
1001 2652 1128 2726 ubi
1174 2652 1735 2729 demonstravero
1756 2713 1777 2744 ,
1819 2679 2100 2755 operam
2145 2679 2283 2730 non
2323 2653 2713 2755 perdidisse
2758 2655 2937 2732 mihi
2977 2653 3265 2729 videbor
3299 2652 3591 2753 probare
3639 2659 3783 2726 stu-

733 2775 907 2848 dens
943 2773 1307 2848 Historiae
1352 2775 1889 2850 Ecclesiasticae
1929 2800 2012 2850 ac
2065 2777 2500 2851 Christianae
2540 2777 2831 2851 Ethiees
2862 2775 3178 2850 studium
3216 2781 3403 2850 arcte
3442 2796 3593 2848 esse
3624 2795 3787 2846 con-

727 2894 1186 2994 iungendum.
1289 2895 1438 2970 Cur
1495 2919 1657 2970 vero
1717 2895 1930 2971 talem
1988 2897 2354 2996 utriusque
2419 2894 2635 2970 studii
2705 2896 3261 2971 coniunctionem
3324 2895 3433 2970 his
3496 2896 3788 2967 maoeime

729 3020 970 3093 diebus
1041 3016 1222 3093 bene
1291 3015 1756 3093 animadverti
1826 3016 2293 3117 omnibusque
2362 3015 2736 3116 Theologis
2798 3017 2907 3092 vel
2973 3012 3389 3113 Theologiae
3452 3011 3783 3089 studiosis

730 3162 934 3214 curae
982 3138 1312 3236 cordique
1363 3162 1520 3214 esse
1568 3138 1779 3213 velim
1825 3184 1926 3199 --
1975 3136 2062 3211 de
2110 3136 2240 3212 hoc
2287 3136 2740 3236 postmodum
2788 3159 3101 3237 agemus.

831 3619 1044 3717 Agite
1083 3616 1322 3717 igitur,
1363 3618 1454 3693 A.
1480 3617 1568 3692 A.
1596 3616 1694 3693 H.
1725 3616 1834 3691 H!
1887 3625 1959 3692 et
2000 3616 2307 3717 primum
2337 3616 2427 3690 de
2461 3602 2887 3717 Theologiae
2929 3618 3217 3693 Moralis
3255 3619 3348 3694 ad
3386 3616 3772 3693 Historiam

729 3738 1279 3814 Ecclesiasticam
1340 3738 1520 3813 bene
1587 3739 2022 3813 tractandam
2091 3745 2302 3836 atque
2368 3736 2847 3813 adhibendam
2918 3762 3054 3813 usu
3123 3746 3196 3814 et
3255 3737 3605 3815 fructibus
3671 3737 3771 3810 vi-

733 3860 1062 3935 deamus!

828 3978 1319 4054 Aretissimum
1379 3978 1592 4066 illud,
1664 3978 1855 4077 quod
1922 3986 2292 4078 utramque
2361 3978 2805 4078 disciplinam
2877 3980 3290 4079 coniungat,
3362 3976 3773 4076 cognatonis

731 4100 1122 4189 vinculum,
1187 4100 1329 4174 iam
1377 4100 1452 4173 in
1503 4124 1584 4173 eo
1603 4158 1624 4188 ‚
1691 4099 1770 4173 ni
1824 4098 2022 4174 fallor
2042 4158 2062 4187 ,
2111 4099 2452 4187 cernitur,
2504 4100 2698 4196 quod
2751 4099 3069 4199 utrique,
3120 4102 3179 4175 si
3216 4124 3363 4175 rem
3404 4098 3497 4173 ad
3537 4098 3773 4172 vivum

729 4220 1102 4295 resecueris
1121 4279 1142 4309 ‚
1212 4220 1400 4293 idem
1459 4244 1607 4293 esse
1658 4218 2024 4294 consilium
2077 4219 2395 4317 reperies,
2496 4218 2853 4309 Nimirum
2911 4220 3225 4295 Historia
3292 4216 3775 4293 Ecclesiastico,

729 4342 910 4415 bene
973 4346 1268 4415 tractata
1331 4349 1540 4437 atque
1585 4338 1900 4413 adhibita
1918 4399 1938 4427 ,
2005 4362 2226 4438 aeque
2279 4360 2359 4412 ac
2428 4337 2802 4436 Theologia
2852 4339 3176 4427 Moralis,
3242 4360 3517 4413 morum
3574 4360 3769 4435 prae-

728 4460 994 4560 ceptrix
1014 4520 1034 4549 ‚
1085 4460 1263 4534 vitae
1315 4484 1473 4533 vere
1521 4458 1952 4535 Christianae
1994 4460 2326 4559 magistra
2365 4458 2456 4533 sit
2506 4466 2797 4558 oportet.
2898 4459 3136 4559 Atque
3178 4458 3308 4533 hoc
3346 4456 3557 4557 paulo
3597 4454 3767 4531 ube-

667 4617 674 4623 ·
725 4582 874 4655 rius
921 4581 1260 4679 explicare
1308 4580 1548 4654 liceat!
2424 4610 2435 4621 ·
2750 4564 2755 4569 ’

826 4702 1088 4802 Ecquis
1107 4702 1526 4777 Litterarum
1552 4700 1916 4775 Sacrarum
1946 4706 2093 4774 tam
2115 4698 2374 4773 inscius
2398 4705 2542 4785 est,
2577 4704 2658 4773 ut
2677 4697 2949 4797 ignoret
2973 4697 3081 4774 vel
3105 4721 3359 4796 negare
3382 4696 3765 4785 sustineat,

727 4824 903 4898 Isso
948 4823 1280 4897 Cnmsro
1298 4881 1317 4909 ,
1358 4820 1624 4919 optimo
1661 4818 2023 4895 hominum
2063 4818 2577 4909 Conservatori,
2626 4842 2847 4919 quum
2894 4818 3304 4896 Societatem
3342 4816 3453 4893 his
3472 4817 3547 4893 in
3570 4818 3768 4892 terris

3134 4941 3225 5015 17
3241 4938 3285 4983 ³*
