4766 6034
1041 590 1125 659 12
1948 632 1969 647 ι
2080 588 2151 659 Τ.
2216 588 2295 659 G.
2356 592 2414 659 J.
2475 587 3045 657 JUYNBOLL

1042 795 1131 883 ab
1192 796 1522 872 Earnmo
1580 797 1840 871 editam
1902 798 1994 889 18)
2018 854 2038 885 ,
2107 805 2259 873 tum
2326 799 2667 873 Psalten‘i
2720 795 3127 872 Versionem
3178 795 3541 870 Arabicam
3600 802 3674 870 et
3724 792 4077 897 Aethiopi-

1044 940 1190 990 cam
1242 916 1333 1009 ¹⁰)
1359 975 1381 1006 ,
1444 925 1550 1007 et,
1612 917 1870 1016 quibus
1922 918 2519 1016 Interpretationis
2571 917 2892 989 Historia
2936 914 3125 990 cordi
3177 922 3322 1003 est,
3373 940 3834 1015 permagnum
3885 918 4073 990 oom-

1044 1041 1521 1113 mentariorum
1560 1039 1626 1110 J
1616 1041 1994 1114 uda'icorum
2038 1062 2412 1112 numerum
2443 1038 2542 1129 ²⁰)
2564 1094 2584 1125 ,
2633 1043 3054 1136 veterumque
3103 1037 3633 1110 Christianorum
3673 1040 4076 1111 Graecorum

1046 1160 1120 1229 et
1163 1159 1484 1254 Syrorum
1541 1159 2057 1232 Commentarios
2093 1146 2377 1231 sele'ctos
2420 1157 2712 1230 Arabice
2760 1180 2985 1244 versos
3029 1156 3170 1248 ²¹);
3220 1178 3310 1228 ne
3346 1154 3433 1229 de
3476 1157 3794 1231 Talmude
3822 1156 4074 1230 Hiero-

1045 1276 1439 1373 solymitano
1453 1334 1473 1365 ,
1550 1278 1827 1352 Leaicis
1899 1278 2267 1352 Hebraicis
2290 1334 2310 1365 ,
2392 1279 2763 1375 Scm'ptisve
2839 1276 2906 1347 J
2893 1273 3248 1349 udaeorum
3316 1277 3741 1373 philosophis
3773 1288 3776 1296 '
3814 1275 4076 1373 loquar.

1046 1393 1244 1469 Haec
1306 1394 1466 1470 licet
1513 1401 1779 1495 partim
1834 1396 1979 1496 jam
2036 1396 2224 1471 edita
2245 1455 2266 1485 ,
2336 1403 2410 1470 at
2469 1419 2658 1469 nunc
2719 1421 2762 1469 a
2818 1394 3060 1469 multis
3113 1419 3392 1492 prorsus
3448 1395 3800 1494 neglecta,
3849 1394 4084 1470 omnia

1048 1514 1421 1613 aliquando
1484 1516 1746 1615 publici
1801 1516 1978 1615 juris
2042 1514 2355 1591 facienda
2380 1574 2402 1603 ,
2462 1522 2532 1589 et
2590 1538 2768 1613 quae
2825 1514 2972 1613 jam
3025 1514 3536 1613 quodammodo
3590 1514 4039 1588 innotuerunt
4060 1569 4082 1600 ,

1046 1635 1301 1710 iterum
1353 1637 1833 1734 pertractanda
1895 1641 2093 1723 sunt,
2166 1642 2246 1721 ut
2289 1633 2456 1709 vitia
2503 1634 2958 1708 emendentur
2975 1692 2996 1721 ,
3045 1634 3428 1707 accuratius
3479 1633 3753 1732 singula
3792 1657 4083 1733 perpen-

1048 1754 1341 1843 dantur,
1407 1779 1635 1854 neque
1700 1757 2037 1854 amplius,
2102 1762 2183 1830 ut
2242 1764 2484 1844 antea,
2551 1754 2770 1855 pluris
2811 1753 3302 1839 aestimentur,
3354 1752 3479 1827 sed
3519 1777 3728 1828 suum
3769 1776 4088 1851 quaeque

1048 1875 1123 1948 in
1173 1875 1302 1949 hac
1348 1875 1733 1973 Disciplina
1781 1877 2012 1951 locum
2062 1876 2134 1949 in
2183 1884 2542 1973 posterum
2586 1882 2888 1949 teneant.

1148 1992 1349 2067 Haec
1404 1994 1672 2093 Scripta
1731 2005 1813 2070 ut
1870 1996 2230 2071 Historiae
2278 1988 2916 2091 Interpretationis,
2979 1991 3077 2066 ita
3120 1954 3255 2064 alia
3295 1990 3506 2064 rebus
3548 1998 3695 2065 tam
3759 1992 4089 2065 Christia-

1054 2136 1285 2187 norum
1327 2137 1539 2210 quam
1580 2116 1993 2190 «Iudaeorum
2038 2114 2110 2188 in
2163 2113 2448 2188 Oriente
2487 2136 2739 2186 novam
2777 2110 3004 2185 lucem
3044 2110 3438 2185 affundunt.
3542 2110 4092 2185 Christianorum

1052 2256 1116 2307 v.
1165 2257 1223 2306 c.
1264 2234 1540 2307 Cultum
1569 2235 1913 2332 publicum
1964 2231 2560 2309 considerantibus
2605 2255 2850 2331 operae
2889 2230 3192 2329 pretium
3236 2238 3342 2303 est
3384 2230 3730 2305 Homilias
3771 2233 4098 2329 Syriacas

1054 2350 1281 2450 legere
1331 2354 1467 2445 ²²³);
1536 2354 1609 2426 in
1666 2356 1879 2429 Festa
1940 2379 2143 2429 sacra
2199 2350 2712 2451 inquirentibus
2766 2358 2924 2424 tum
2977 2350 3112 2425 alia
3131 2408 3152 2439 ,
3216 2357 3373 2425 tum
3430 2350 3818 2425 Lectionum
3885 2353 4098 2427 series
4162 2372 4168 2379 ·

1054 2471 1411 2547 consulere
1432 2530 1453 2561 ,
1505 2480 1576 2546 et
1626 2473 2009 2572 Scriptores
2056 2473 2246 2548 adire
2296 2474 2386 2563 de
2430 2471 2542 2545 his
2587 2470 2818 2545 Festis
2863 2477 3308 2569 exponentes,

1172 2591 1500 2667 Universa
1540 2618 1741 2691 porro
1780 2593 2331 2668 Christianorum
2374 2591 2449 2664 in
2488 2591 2773 2665 Oriente
2809 2589 3112 2666 conditio
3139 2616 3342 2665 sacra
3358 2594 3406 2678 ,1'
3417 2591 3636 2664 civilis
3649 2648 3670 2679 ,
3701 2591 4094 2675 domestica,

1058 2732 1239 2807 quae
1297 2710 1611 2785 omnium
1674 2712 1905 2787 studia
1963 2713 2136 2788 adeo
2178 2719 2611 2799 commovet,
2677 2734 2766 2783 ex
2811 2709 3071 2809 quibus
3123 2709 3275 2784 aliis
3322 2708 3632 2784 fontibus
3687 2709 3936 2783 melius
3983 2732 4094 2783 eo·

1055 2828 1453 2928 gnoscitur,
1507 2830 1567 2904 si
1589 2834 1903 2928 pristina
1934 2839 2245 2929 tempora
2276 2838 2544 2929 spectas
2564 2889 2584 2919 ,
2635 2854 2846 2928 quam
2896 2854 2981 2903 ex
3031 2829 3201 2927 ipsis
3250 2828 3716 2904 Orientalium
3761 2827 4100 2926 Scriptis?

1058 2948 1261 3024 Haec
1302 2942 1761 3026 'consulentes
1777 3009 1796 3041 ,
1862 2950 2288 3027 Christianos
2307 3009 2327 3041 ,
2402 2951 2476 3025 in
2538 2950 2769 3026 media
2837 2949 3326 3026 Moslimorum
3381 2947 3704 3024 societate
3755 2947 4060 3023 viventes
4077 3002 4100 3034 ,

1052 3068 1368 3143 videmus
1434 3095 1574 3144 non
1627 3071 1872 3147 eodem
1932 3097 2094 3146 cum
2156 3071 2243 3146 iis
2306 3073 2456 3146 loco
2518 3070 2814 3146 habitos.
2917 3069 3080 3144 Suis
3124 3070 3409 3168 quidem
3457 3066 3787 3142 fruuntur
3823 3067 4102 3168 juribus

1058 3195 1128 3263 et
1197 3189 1573 3289 privilegiis
1593 3250 1613 3280 ,
1684 3199 1757 3266 at
1824 3215 1965 3266 non
2031 3217 2301 3292 semper
2365 3191 2636 3266 iisdem.
2739 3189 3030 3264 Tributo
3087 3189 3313 3264 soluto
3331 3248 3352 3278 ,
3420 3213 3626 3263 suum
3695 3189 4106 3288 profitentur

1058 3305 1349 3382 Cultum
1414 3335 1683 3384 sacrum
1704 3369 1723 3399 ,
1788 3337 1949 3385 suos
2007 3312 2270 3387 habent
2321 3337 2460 3385 non
2525 3311 2733 3385 modo
2782 3306 3262 3385 'Patriarcham
3285 3367 3304 3398 ,
3367 3309 3492 3382 sed
3540 3316 3611 3382 et
3655 3307 3701 3380 J
3707 3307 3972 3396 udiceS,
4023 3331 4104 3382 ac

1012 3429 1025 3444 ‘
1058 3425 1609 3501 Moslimicorum
1650 3429 2197 3528 Magistratuum
2236 3430 2564 3502 fruuntur
2605 3428 2953 3516 clientela,
2995 3453 3235 3503 verum
3285 3436 3364 3502 ut
3400 3427 3489 3503 ab
3529 3427 3778 3502 horum
3821 3426 4106 3501 arbitrio

1064 3543 1405 3641 pendent,
1467 3546 1567 3620 ita
1622 3547 1921 3622 fanatico
1960 3547 2183 3648 plebis
2226 3547 2441 3621 furori
2483 3547 2756 3646 saepius
2795 3555 2960 3622 sunt
2999 3546 3313 3646 expositi.
3413 3547 3753 3623 Peculiari
3805 3547 4100 3632 vestitu,

1062 3670 1147 3736 ut
1205 3663 1460 3739 «ludaei
1480 3723 1500 3754 ,
1564 3691 1607 3740 a
1657 3667 2003 3742 Moslimis
2060 3667 2404 3755 distincti,
2454 3666 2864 3765 plerumque
2908 3666 3262 3741 incedunt.
3362 3666 3572 3740 Varia
3623 3673 3921 3741 utuntur
3967 3665 4100 3740 for-

1061 3783 1255 3856 tuns.
1358 3784 1444 3856 In
1506 3784 1626 3858 vili
1692 3785 2100 3891 abjectoque
2150 3796 2339 3862 statu
2391 3793 2752 3861 versantur
2791 3786 3141 3884 plerique,
3191 3786 3508 3860 nonnulli
3564 3794 3874 3874 tantum,
3923 3810 4099 3862 mer-

1065 3900 1305 3974 catura
1369 3902 1657 3990 feliciter
1712 3909 1907 4004 gesta
1932 3967 1952 3998 ,
2020 3909 2209 3983 laute
2253 3907 2537 3998 vivunt,
2587 3907 2694 3980 vel
2739 3905 2830 3980 ob
2869 3906 3156 3982 eximias
3207 3906 3471 4004 ingenii
3517 3906 3712 3980 dotes
3735 3963 3754 3993 ,
3803 3905 4104 4005 publicis

1066 4018 1475 4095 muneribus
1555 4024 1983 4124 funguntur,
2072 4029 2240 4126 quin
2316 4027 2410 4102 ad
2479 4026 2772 4101 honores
2842 4027 3230 4101 evehuntur
3297 4025 3670 4100 interdum.
3743 4069 3848 4087 -—
3914 4023 4098 4113 Alii,

1063 4137 1253 4236 iique
1324 4139 1517 4216 haud
1581 4145 1823 4242 pauci,
1905 4147 2186 4220 urbium
2258 4143 2622 4242 strepitum
2693 4144 3137 4243 effugienteS,
3211 4143 3285 4216 in
3357 4140 3799 4217 Monasteriis
3877 4141 4100 4217 abditi

1064 4255 1318 4348 latent,
1368 4261 1649 4338 Ritibue
1693 4267 1913 4340 sacris
1956 4266 2270 4365 religiose
2311 4262 2756 4339 observandis
2795 4263 3067 4337 intenti.
3169 4262 3256 4335 Ῑιι
3296 4263 3560 4336 biteris
3599 4269 3832 4337 tamen
3883 4265 4104 4338 sacris

1067 4377 1144 4452 hi
1209 4381 1419 4456 etiam
1488 4407 1764 4482 operam
1825 4411 2029 4486 saepe
2081 4392 2388 4484 ponunt,
2454 4389 2577 4458 aut
2622 4381 3082 4481 agriculturae
3131 4405 3204 4455 se
3257 4381 3578 4470 tradunt,
3626 4407 3707 4456 ac
3755 4389 4094 4457 mercatu-

1062 4519 1213 4570 ram
1260 4499 1561 4588 faciunt,
1609 4512 2206 4603 mercatorumque
2255 4501 2537 4602 agmina
2555 4560 2575 4590 ,
2627 4501 3020 4599 singulosve
3063 4500 3504 4575 Itineratores
3547 4501 3869 4578 lubenter
3913 4499 4094 4577 exci-

1059 4614 1285 4712 piunt.
1355 4660 1456 4677 —-
1520 4621 1660 4695 Sed
1719 4623 1891 4720 quid
1942 4649 2128 4700 nunc
2177 4623 2489 4698 tabulam
2534 4621 2914 4709 delineem,
2966 4645 3145 4719 quae
3193 4627 3271 4694 ut
3319 4620 3691 4719 aliqnando
3741 4620 4094 4720 sigillatim

1065 4731 1515 4832 depingatur,
1566 4761 1729 4813 sane
1766 4742 2233 4840 exoptandum
2251 4798 2271 4830 ,
2322 4747 2394 4814 et
2433 4739 2550 4815 cui
2588 4738 3100 4838 componendae
3137 4747 3408 4838 praeter
3445 4748 3755 4815 nostrum
3795 4741 4099 4816 Leoeicon
