4766 6034
980 623 1068 688 48
1854 619 1923 682 1³.
1989 618 2069 686 G.
2139 616 2647 686 KRIEGER
2714 617 3160 685 ORATIO.

979 853 1144 904 nem
1213 827 1497 902 omuino
1567 825 1950 902 medicinae
2037 827 2565 928 chirurgiaeque
2630 827 2971 928 practicae
3062 826 3535 902 conditionem
3593 827 3685 902 ab
3748 827 4033 902 institu-

979 951 1168 1025 tione
1242 948 1486 1023 clinica
1503 1006 1524 1036 ‚
1589 957 1772 1022 recte
1849 949 2203 1026 moderata
2216 1011 2237 1041 ‚
2313 951 2615 1051 pendere
2688 950 3117 1026 confidenter
3192 952 3481 1026 affirmo.
3606 951 3887 1026 Etenim
3952 952 4031 1025 in

979 1072 1110 1146 hac
1173 1069 1372 1169 quasi
1438 1068 1711 1144 officina
1777 1071 2098 1145 materies
2163 1079 2451 1170 paratur
2516 1076 2590 1145 et
2658 1072 3055 1169 congeritur
3076 1131 3095 1160 ‚
3170 1072 3360 1146 unde
3410 1072 3753 1171 practicae
3805 1071 4030 1146 medi-

975 1191 1168 1266 cinae
1256 1197 1328 1265 ct
1407 1188 1796 1289 chirurgiae
1885 1191 2278 1266 aedificium
2359 1199 2793 1278 exstruatur3
2880 1191 2955 1264 in
3034 1191 3297 1266 clinicis
3374 1192 3544 1265 artis
3623 1201 3985 1291 praecepta
4006 1251 4029 1279 ‚

978 1319 1298 1386 accurato
1355 1310 1656 1385 examini
1728 1309 2040 1386 subiecta
2053 1371 2074 1400 ,
2143 1311 2435 1411 singulis
2492 1310 2772 1386 casibus
2842 1311 3161 1410 religiose
3226 1311 3647 1386 adhibentur
3696 1319 3767 1386 et
3812 1311 4029 1410 adop—

975 1439 1216 1507 tantur
1231 1467 1250 1520 ;
1329 1433 1400 1505 in
1469 1431 1730 1506 clinicis
1792 1431 2030 1506 futuro
2091 1431 2362 1506 medico
2422 1431 2687 1506 occasio
2755 1441 2861 1504 est
2943 1431 3176 1506 oblata
3241 1431 3621 1506 laborantis
3688 1431 4031 1505 conditio·-

973 1578 1136 1628 nem
1227 1559 1543 1628 accurata
1633 1577 1716 1628 ea
1801 1576 1967 1627 cura
2043 1552 2459 1628 observandi
2480 1612 2499 1640 ,
2588 1577 2731 1650 qua
2816 1575 2994 1651 opus
3076 1559 3184 1625 est
3258 1552 3353 1626 ad
3434 1551 3759 1626 morbum
3838 1551 4023 1625 bene

976 1673 1570 1773 dignoscendum
1637 1674 1712 1747 in
1775 1672 2036 1746 clinicis
2100 1672 2555 1772 complurium
2624 1671 2807 1744 inter
2868 1695 2943 1744 se
3006 1670 3627 1770 comparandorum
3692 1695 3983 1745 casuum
4003 1729 4029 1757 ‚

974 1819 1309 1870 novorum
1361 1793 1822 1869 remediorum
1839 1852 1859 1882 ,
1902 1818 2080 1891 quae
2129 1817 2240 1867 ars
2291 1792 2797 1891 suppeditavit,
2850 1790 3419 1891 experiendorum
3444 1793 3527 1865 fit
3554 1797 3897 1891 potestas;
3950 1791 4031 1864 in

975 1914 1236 1989 clinicis
1256 1974 1276 2002 ‚
1328 1915 1518 2012 quod
1562 1913 1676 1988 vix
1729 1913 2016 1988 minoris
2065 1923 2172 1987 est
2222 1913 2592 2000 momenti,
2655 1920 2815 2011 post
2863 1919 3160 1986 mortem
3216 1912 3288 1985 in
3348 1911 3573 1986 morbi
3620 1937 3901 1987 causam
3954 1919 4027 1986 et

979 2033 1214 2108 sedem
1301 2033 1462 2108 licet
1561 2032 1926 2131 inquirere.
2053 2033 2320 2107 Clinica
2409 2033 2625 2131 igitur
2695 2033 3043 2106 institutio
3104 2031 3535 2106 medicorum
3610 2038 3691 2105 ut
3762 2033 4032 2131 optima

977 2153 1344 2252 magistra,
1395 2152 1494 2228 ita
1535 2153 1702 2227 artis
1748 2160 2020 2228 nostrae
2069 2160 2176 2228 est
2225 2152 2461 2226 nutrix
2508 2160 2580 2226 et
2632 2153 3117 2228 conservatrix.

1030 2263 1322 2348 'Finem
1386 2273 1678 2349 orationi
1739 2274 2194 2374 impositurus
2258 2273 2491 2348 fausta
2559 2297 2877 2372 quaeque
2954 2273 3087 2347 arti
3134 2272 3525 2348 salutiferae
3556 2331 3577 2360 ,
3646 2271 3761 2346 cui
3816 2271 4033 2344 vitam

979 2392 1198 2468 dicavi
1217 2453 1237 2482 ‚
1285 2418 1632 2493 apprecor.
1695 2394 1898 2469 Faxit
1945 2395 2142 2469 Deus
2179 2394 2487 2492 optimus
2531 2393 2911 2482 maximus,
2953 2401 3037 2468 ut
3081 2417 3259 2467 nova
3304 2394 3417 2467 via
3460 2400 3663 2468 caute
3708 2393 4034 2492 progredi

977 2520 1318 2588 nostrates
1359 2522 1652 2613 pergant
1674 2573 1694 2602 ‚
1753 2524 1837 2589 ut
1881 2539 2122 2590 eorum
2168 2515 2541 2615 sagacitate
2560 2574 2580 2603 ‚
2646 2513 2991 2589 indefessa
3031 2513 3388 2613 vigilantia
3434 2520 3507 2587 et
3550 2511 3893 2588 industria
3936 2511 4031 2585 ad

979 2633 1472 2731 perfectionem
1513 2635 1588 2708 in
1603 2662 1619 2675 ·
1648 2634 1795 2708 dies
1849 2635 2197 2738 chirurgia
2239 2636 2525 2736 propius
2580 2635 2878 2711 accedat.
2982 2635 3341 2733 Integram
3392 2640 3549 2708 tum
3598 2632 4031 2708 servabimus

983 2760 1054 2825 et
1115 2753 1530 2853 augebimus
1592 2755 1880 2855 gloriam
1901 2815 1919 2844 ,
1992 2782 2035 2830 a
2079 2757 2334 2830 nostris
2380 2755 2759 2831 maioribus
2818 2756 2891 2830 in
2944 2755 3073 2829 hac
3124 2778 3403 2854 quoque
3467 2761 3613 2828 arte
3668 2760 4027 2853 paratam3

979 2872 1274 2973 insignis
1335 2882 1488 2950 tum
1549 2877 1740 2951 locus
1795 2876 2269 2951 Neerlandicis
2329 2876 2673 2976 chirurgis
2738 2876 2936 2951 iuxta
2994 2877 3381 2951 Germanos
3402 2935 3422 2964 ‚
3492 2873 4033 2950 Franco-Gallos

982 3000 1054 3070 et
1099 2995 1430 3096 Anglicos
1477 2997 1724 3073 merito
1773 2996 2208 3073 concedetur.
