4766 6034
1082 628 1168 695 14
2118 625 2189 688 T.
2253 623 2331 691 G.
2395 624 2452 689 1.
2515 579 3084 691 1111118811,

1079 830 1837 908 111811111ν8111.Τ81118
1876 829 2065 905 enim
2111 829 2279 907 haec
2320 830 2488 907 olim
2532 830 2708 920 fuit,
2757 836 3019 929 quanta
3058 830 3134 905 in
3179 830 3371 907 1111118
3405 830 3541 905 8118
3580 833 3806 907 Gente
3845 832 4112 913 exstitit

1084 978 1441 1052 umquam.
1542 953 1743 1031 Quae
1800 950 1985 1026 enim
2035 953 2225 1025 Gens
2280 951 2540 1051 majore
2588 976 2748 1028 cum
2799 952 3060 1026 fervore
3109 950 3378 1027 Literas
3420 952 3668 1045 88111111
3720 978 3900 1051 quae
3942 952 4110 1028 Lin-

1078 1097 1417 1173 3118,118
1478 1073 1739 1146 Graeca
1794 1072 2081 1170 quidem
2136 1071 2343 1161 811111,
2405 1079 2476 1147 81
2524 1072 2637 1146 vix
2690 1072 2958 1147 Gallica
3008 1071 3247 1161 hodie,
3299 1096 3420 1171 per
3463 1078 3610 1147 tam
3644 1073 3856 1147 latam
3901 1072 4112 1147 Orbis

1075 1202 1411 1269 terrarum
1468 1200 1735 1290 partem
1802 1192 2014 1267 talem
2084 1200 2289 1267 nacta
2354 1200 2462 1265 est
2521 1192 3024 1291 principatum,
3084 1192 3364 1289 qualem
3420 1190 3751 1266 Arabica!
3853 1192 3990 1266 His
4049 1192 4110 1266 si

1080 1313 1301 1389 multa
1371 1311 1569 1387 addis
1644 1312 1877 1385 secula
1890 1370 1911 1399 ,
1986 1311 2244 1410 quibus
2311 1311 2440 1387 1188
2502 1311 2775 1387 Literae
2838 1311 3215 1400 florebant,
3288 1318 3360 1385 et
3429 1310 3648 1387 varias
3711 1312 3972 1411 cogitas
4029 1338 4110 1387 88

1076 1430 1377 1507 diversas
1432 1429 1851 1528 Disciplinas
1870 1487 1890 1517 ,
1959 1430 2047 1502 de
2117 1429 2375 1527 quibus
2434 1428 2745 1503 Moslimi
2789 1429 3086 1505 Arabice
3137 1439 3647 1532 exposuerunt,
3695 1456 3904 1506 causa
3951 1454 4107 1530 pro-

1072 1550 1253 1626 fecto
1297 1549 1550 1648 cuique
1594 1548 1960 1623 manifesta
2004 1554 2109 1623 est
2124 1606 2143 1637 ,
2193 1572 2321 1623 cur
2357 1546 2814 1622 Arabicarum
2854 1546 3246 1626 Literarum
3288 1548 3596 1624 ambitus
3637 1572 3794 1623 vere
3839 1548 4111 1625 dicatur

1069 1674 1438 1747 immensus.

1166 1792 1261 1881 In*
1320 1787 1525 1863 variis
1590 1788 1699 1863 his
1764 1786 2164 1885 Disciplinis
2236 1787 2665 1889 Geoyraphia
2687 1845 2708 1875 ,
2777 1810 2991 1884 quam
3048 1785 3194 1861 dixi
3216 1844 3236 1875 ,
3296 1811 3438 1863 non
3503 1788 3833 1863 ultimum
3880 1789 4107 1864 18811111

1070 1909 1360 1983 obtinet.
1462 1908 1746 2007 Magnis
1804 1907 2091 2005 quidem
2151 1907 2532 2005 multisque
2588 1890 2974 1982 defectibus
3038 1906 3324 1982 Arabici
3386 1932 3526 1983 11811
3577 1908 3848 1996 minus,
3897 1933 4110 2007 quam

1071 2028 1321 2104 Graeci
1386 2034 1458 2103 et
1522 2027 1825 2101 Romani
1886 2027 2282 2127 Geographi
2340 2026 2657 2103 laborant
2675 2084 2694 2115 ,
2758 2026 3105 2126 permulta
3141 2026 3300 2102 ideo
3343 2026 3788 2103 Recentiores
3833 2054 4108 2104 summo

1068 2173 1231 2223 cum
1289 2147 1445 2246 jure
1506 2148 1581 2221 in
1645 2146 1783 2221 11118
1837 2148 2135 2246 graviter
2191 2146 2749 2246 reprehendunt,
2811 2147 3222 2246 fabulasque
3287 2147 3502 2223 aniles
3555 2149 3831 2249 saepius
3880 2173 4110 2223 recur-

1068 2274 1297 2342 rentes
1368 2266 1613 2342 merito
1674 2266 2151 2366 perstringunt
2194 2275 2267 2341 et
2318 2266 2673 2356 derident,
2723 2275 2796 2342 at
2850 2266 3300 2342 nihilominus
3347 2267 3422 2341 hi
3460 2267 3658 2343 Libri
3701 2268 4110 2367 pretiosissi-

1066 2388 1201 2462 mis
1274 2388 1590 2462 Arabum
1662 2387 2131 2463 monumentis
2201 2387 2351 2462 sine
2416 2387 2631 2461 dubio
2695 2388 3202 2462 annumerandi
3241 2420 3261 2445 ··
3277 2396 3462 2462 sunt.
3561 2387 3701 2463 His
3767 2388 3954 2463 enim
4027 2412 4110 2463 ea

1065 2506 1385 2583 continen
1393 2515 1505 2581 tur
1521 2565 1543 2596 ‚
1612 2531 1789 2605 quae
1856 2506 2169 2583 Moslimi
2236 2505 2311 2581 in
2378 2505 2583 2581 variis
2655 2505 3055 2604 dissitisque
3125 2506 3337 2581 Orbis
3395 2516 3733 2581 terrarum
3795 2506 4111 2607 partibus

1064 2628 1200 2727 ipsi
1252 2627 1705 2704 observarunt
1727 2684 1747 2714 ,
1799 2626 2057 2725 quibus
2102 2610 2541 2726 Geographia
2583 2632 2779 2701 tanta
2798 2684 2818 2715 ,
2854 2632 3133 2724 81181118
3165 2627 3360 2701 1111118
3398 2628 3534 2702 8118
3577 2627 3666 2702 811
3713 2627 3800 2701 118
3835 2627 4114 2703 exculta

1066 2747 1451 2845 Disciplina
1471 2805 1491 2834 ,
1564 2747 1987 2821 incrementa
2048 2747 2330 2845 accepit.
2453 2747 2707 2821 Nonne
2773 2749 2985 2821 armis
3027 2745 3081 2819 ii
3122 2747 3195 2820 in
3242 2747 3560 2845 regiones
3615 2754 3777 2823 81118
3827 2772 4106 2846 prorsus

1068 2868 1345 2967 ignotas
1398 2867 1899 2965 penetrarunt?
1966 2872 2039 2940 81
2080 2892 2255 2965 81188
2304 2866 2372 2941 vi
2423 2890 2564 2941 non
2616 2865 3074 2965 subigebant,
3138 2867 3229 2941 ad
3278 2867 3402 2942 has
3441 2867 3748 2965 ipsorum
3796 2869 4069 2967 Relzjqio
4086 2926 4105 2955 ,

1068 2985 1157 3063 ab
1198 2986 1582 3062 innumeris
1626 2984 1903 3085 populis
1941 2993 2217 3085 recepta
2235 3046 2255 3075 ,
2304 2986 2577 3062 aditum
2621 2985 2708 3060 iis
2753 2986 3043 3086 aperuit.
3143 2988 3238 3062 Et
3280 2986 3405 3061 ubi
3450 3011 3578 3063 nec
3624 2976 3884 3063 bellum
3906 3046 3925 3076 ,
3975 3012 4102 3062 nec

1063 3106 1337 3207 Religio
1388 3107 1568 3182 viam
1619 3106 1791 3206 ipsis
1838 3107 2285 3196 muniebant,
2334 3115 2758 3183 mercaturae
2806 3106 3120 3202 studium
3165 3131 3282 3181 eos
3330 3107 3655 3195 deduxit,
3694 3132 3873 3206 quae
3897 3131 4103 3182 causa

1064 3227 1197 3302 fuit
1218 3285 1238 3316 ,
1292 3235 1371 3301 ut
1406 3227 1480 3302 in
1516 3227 1914 3302 remotiores
1948 3237 2163 3302 terras
2200 3225 2676 3324 pervenirent,
2717 3223 2888 3323 quin
2929 3224 3003 3298 in
3031 3223 3350 3324 portibus
3385 3225 3778 3300 Sinensium
3800 3282 3820 3313 ,
3865 3235 4106 3324 postea

1062 3345 1318 3421 iterum
1379 3347 1631 3422 clausis
1650 3406 1671 3435 ‚
1734 3349 2107 3447 nostraque
2168 3345 2456 3420 demum
2513 3352 2739 3420 aetate
2790 3368 3032 3419 rursus
3091 3345 3346 3445 apertis
3371 3403 3393 3434 ‚
3443 3346 3678 3420 seculo
3726 3348 3807 3418 9⁰
3860 3354 3932 3420 et
3978 3351 4011 3419 1
4024 3347 4104 3419 0⁰

1065 3465 1371 3564 emporia
1431 3467 1579 3565 jam
1639 3466 1996 3543 haberent.
2094 3467 2184 3540 In
2243 3465 2488 3565 primis
2539 3488 2697 3539 vero
2745 3463 3223 3563 Geographiae
3273 3465 3797 3565 amplificandae
3841 3465 4102 3566 profuit

1065 3592 1512 3685 praeceptum
1556 3587 1980 3664 Qoranicum
2004 3644 2024 3675 ,
2074 3611 2215 3694 8118
2258 3583 2718 3685 peregrinatio
2751 3584 3084 3659 Meccana
3125 3585 3338 3660 semel
3377 3585 3622 3660 saltem
3663 3585 4099 3685 suscipienda

1064 3703 1281 3779 cuivis
1354 3729 1683 3804 germano
1746 3706 2078 3782 Moslimo
2148 3704 2718 3805 praecipiebatur.
2834 3702 2948 3777 Sic
3023 3703 3338 3778 homines
3401 3704 3940 3780 innumerabiles
4010 3729 4097 3779 ex

1064 3823 1268 3900 variis
1316 3825 1645 3924 gentibus
1690 3825 2091 3925 dissitisque
2138 3825 2540 3925 regionibus
2582 3824 2673 3900 ad
2713 3824 3094 3924 longinqua
3131 3823 3379 3900 itinera
3428 3825 3863 3923 suscipienda
3915 3825 4093 3900 exci-

1065 3943 1397 4019 tabantur
1414 4004 1433 4034 ,
1501 3970 1629 4040 nec
1698 3946 1941 4044 pauci,
2016 3945 2141 4021 ubi
2201 3973 2288 4021 ex
2348 3953 2656 4021 extremo
2724 3945 3009 4020 Oriente
3077 3945 3186 4022 vel
3261 3945 3636 4020 Occidente
3710 3945 3782 4018 in
3847 3944 4093 4036 urbem

1066 4087 1325 4139 sacram
1370 4066 1857 4164 pervenerant,
1896 4066 1989 4140 ad
2024 4065 2191 4140 alias
2225 4064 2622 4140 remotiores
2659 4072 2875 4140 terras
2915 4089 3115 4164 porro
3151 4065 3538 4155 adeundas,
3572 4065 3714 4139 sive
3745 4064 4091 4153 lucrandi,

1066 4183 1207 4258 sive
1250 4184 1640 4258 Literarum
1691 4184 1923 4258 studio
1972 4185 2200 4274 ducti,
2260 4186 2490 4260 denuo
2536 4185 3091 4285 impellebantur.
3191 4185 3330 4258 Vix
3373 4185 3511 4259 dici
3550 4191 3818 4283 potest,
3864 4183 4090 4258 Audi-

1061 4306 1281 4380 tores!
1354 4313 1695 4404 quantum
1765 4305 1935 4382 haec
1995 4305 2242 4381 itinera
2300 4289 2716 4381 contulerint
2771 4305 2863 4379 ad
2925 4304 3424 4380 diversissimos
3467 4302 3760 4403 populos
3787 4303 4090 4379 'arctiore

1060 4423 1332 4498 vinculo
1394 4424 1789 4524 jungendos
1808 4485 1829 4514 ,
1890 4427 1982 4500 ad
2032 4425 2349 4525 singulas·
2377 4423 2798 4524 Disciplinas
2849 4425 3254 4502 excolendas
3272 4484 3294 4515 ‚
3342 4423 3745 4525 praesertim
3789 4449 3948 4502 vero
3999 4424 4090 4501 ad

1060 4550 1395 4621 terrarum
1439 4546 1761 4622 notitiam
1804 4547 1879 4622 in
1928 4547 2077 4624 dies
2122 4545 2680 4647 amplificandam
2727 4545 2852 4640 ²⁹).
