4766 6034
1120 642 1249 705 174
1356 703 1363 708 ,
2066 642 2450 710 SERIES
2545 642 3202 712 LEGTIONUM.

1210 851 1295 924 B.
1344 851 1423 924 F.
1472 849 1826 924 Summa
1848 906 1867 936 ,
1933 850 2179 925 aetatis
2226 874 2472 928 caussa
2526 877 2783 930 munus
2827 853 3300 930 academicum
3341 850 3633 951 jamjam
3677 874 3766 924 ex
3815 851 3970 950 lege
4017 852 4137 925 de-

1110 971 1463 1070 positurus
1478 1027 1498 1058 ,
1549 995 1675 1070 pro
1714 969 2125 1045 lectionibus
2141 1029 2162 1059 ,
2212 997 2386 1071 quas
2433 981 2638 1050 antea
2684 973 2965 1064 habuit,
3015 974 3266 1075 selecta
3305 971 3648 1072 quaedam
3699 996 3740 1046 e
3781 970 4136 1070 disciplina

1110 1090 1545 1190 pathologica
1599 1097 1673 1164 et
1732 1088 2118 1189 chirurgica
2173 1093 2501 1169 tractabit
2545 1093 2773 1193 capita
2791 1153 2811 1182 ,
2874 1092 3368 1194 speciminibus
3416 1117 3456 1165 e
3497 1115 3739 1166 museo
3784 1115 3910 1166 suo
3947 1091 4132 1165 illus-

1112 1211 1359 1286 tranda
1378 1269 1397 1299 ,
1449 1209 1699 1285 diebus
1748 1210 1954 1285 lunae
2002 1219 2075 1284 et
2121 1214 2482 1303 mercurii,
2533 1214 2699 1290 hora
2747 1214 2931 1289 VIII
2979 1213 3343 1290 matutina.

1212 1332 1576 1405 Summam
1616 1329 1787 1404 item
1831 1354 2072 1406 eorum
2091 1389 2112 1419 ‚
2160 1356 2339 1430 quae
2389 1334 2477 1408 de
2512 1335 2643 1410 rite
2683 1334 3160 1436 perfungendo
3197 1332 3452 1408 medici
3492 1333 3715 1407 officio
3749 1333 3898 1432 ipse
3939 1331 4141 1428 longo

1111 1451 1277 1526 artis
1338 1448 1662 1526 exercitio
1730 1449 1974 1525 didicit
1987 1509 2007 1540 ,
2073 1475 2233 1527 cum
2282 1454 2868 1530 commilitonibus
2913 1453 3492 1543 communicabit,
3543 1452 3792 1528 diebus
3835 1459 3909 1525 et
3953 1451 4137 1524 horis

1112 1571 1436 1670 deinceps
1482 1569 1890 1646 indicandis.

1207 1692 1269 1765 I.
1340 1692 1401 1766 Ι.
1466 1691 1995 1766 Womnnnnnx
2014 1751 2035 1780 ‚
2104 1693 2420 1793 quamvis
2476 1719 2764 1771 munere
2821 1719 2949 1770 suo
2998 1695 3369 1770 defunctus
3419 1694 3547 1782 sit,
3597 1691 3864 1768 civibus
3909 1699 4142 1764 tamen

1107 1810 1543 1886 Academicis
1612 1812 1833 1888 officia
1900 1813 2351 1889 humanitatis
2425 1823 2770 1914 praestare
2789 1875 2810 1904 ,
2882 1815 3284 1915 praesertim
3353 1812 3744 1890 Medicinae
3817 1807 4144 1884 studiosis

1111 1930 1424 2030 qualibet
1469 1932 1981 2031 opportunitate
2028 1933 2352 2032 prodesse
2370 1993 2392 2023 ,
2442 1934 2633 2011 haud
2680 1934 3048 2011 recusabit.

1204 2413 1272 2487 J.
1340 2412 1438 2488 H.
1501 2411 1797 2486 Hlsenn
1816 2470 1835 2500 ,
1898 2411 2283 2488 litterarum
2338 2416 2908 2492 Germanicarum
2952 2415 3201 2490 Iactor
3223 2471 3244 2500 ,
3309 2409 3558 2487 diebus
3605 2417 3678 2484 et
3716 2409 3901 2484 horis
3949 2407 4152 2481 audi-

1104 2532 1373 2608 toribus
1418 2531 1799 2607 commodis
1817 2588 1838 2621 ,
1887 2532 2200 2609 Litteras
2253 2538 2694 2610 Germanicae
2745 2543 2818 2610 et
2863 2535 3284 2610 Litterarum
3343 2533 3886 2608 Germanicarum
3942 2529 4152 2601 bisto-

1104 2658 1318 2743 riam,
1366 2654 1526 2727 inde
1575 2680 1624 2727 a
1668 2677 1800 2727 sec.
1853 2653 2173 2742 XVIII,
2225 2661 2546 2754 exponet.

1206 2774 1275 2848 J.
1314 2773 1661 2848 Vnumne
1681 2830 1702 2860 ,
1752 2771 2140 2848 litterarum
2177 2774 2426 2851 Lector
2442 2834 2463 2865 ‚
2523 2777 2834 2853 Litteras
2876 2775 3202 2875 Anylicae
3241 2769 3516 2847 docebit
3538 2828 3559 2857 ‚
3605 2766 3774 2842 hora
3815 2763 4152 2841 auditori-

1105 2895 1243 2968 bus
1290 2890 1675 2969 commoda.

1203 3015 1286 3090 L.
1356 3036 1453 3088 ns
1510 3013 1813 3087 Fnancr.
1835 3069 1856 3101 ,
1921 3010 2381 3090 Academicus
2429 3013 2874 3133 gladiatoriae
2920 3011 3090 3089 artis
3127 3010 3466 3111 Magister
3482 3067 3504 3100 ,
3553 3005 3862 3108 quotidie
3909 3011 4161 3104 aptum

976 3247 982 3253 ι
1106 3145 1177 3211 et
1225 3137 1615 3237 elegantem
1662 3130 1881 3233 gladii
1928 3156 2140 3209 usum
2189 3133 2488 3212 docebit.

1139 3594 1153 3603 ''
1205 3612 1639 3687 Bibliotheca
1708 3613 2113 3687 Academica
2166 3612 2400 3687 diebus
2451 3613 2654 3686 lunae
2670 3669 2691 3700 ,
2757 3613 2998 3687 martis
3015 3668 3036 3699 ‚
3103 3612 3459 3696 mercurii,
3521 3608 3694 3681 iovis
3740 3612 3812 3679 et
3849 3606 4129 3679 saturni
4145 3662 4170 3691 ‚

1106 3734 1193 3805 ab
1236 3732 1416 3805 horti
1453 3732 1635 3806 XII
1665 3732 1736 3806 in
1778 3732 1930 3821 IV,
1964 3734 2315 3827 seriarum
2358 3740 2584 3807 autem
2634 3738 2924 3831 tempore
2968 3730 3255 3830 sinyulie
3304 3730 3536 3803 diebus
3581 3728 3753 3801 iovis
3770 3783 3791 3813 ,
3843 3726 3932 3798 ab
3989 3724 4172 3799 bord

1105 3851 1168 3924 I
1204 3853 1305 3925 ad
1345 3851 1517 3940 III,
1568 3853 1924 3953 unicuique
1956 3853 2254 3952 patebit.
2358 3850 2446 3922 M
2449 3876 2672 3928 ueeum
2721 3850 3140 3951 Zoo‘loyieum
3188 3849 3494 3950 quotidie
3521 3845 3820 3945 patebit.
