4766 6034
1893 653 2449 723 ORATIO.
3556 661 3685 730 145

649 871 722 936 et
764 861 1151 952 sollicitari,
1201 885 1415 962 quam
1461 862 1734 939 incitari
1765 871 1978 963 atque
2007 864 2463 953 inflammari,
2514 869 2595 938 ut
2632 885 2793 958 vos,
2844 863 3017 940 tales
3057 871 3427 966 tantosque
3468 867 3646 943 viros
3661 924 3682 956 ,

649 983 860 1059 duces
934 1007 1206 1085 sequar.
1324 983 1738 1062 Haesitante
1806 984 2025 1084 pede,
2108 993 2332 1060 vestro
2416 982 2643 1060 ordini
2718 982 3149 1085 adscriptus,
3229 985 3677 1063 honorificum

645 1101 822 1177 mihi
884 1103 1200 1180 oblatum
1267 1104 1498 1180 locum
1562 1127 1843 1204 occupo.
1943 1105 2387 1180 Haestitante
2446 1103 2687 1230 lingua
2750 1127 2909 1194 vos,
2982 1105 3135 1180 Viri
3196 1105 3679 1182 celeberrimi!

647 1222 944 1322 collegas
1007 1223 1342 1348 comper
1413 1231 1484 1298 et
1545 1225 1794 1302 saluto.
1899 1225 2216 1325 Accipite
2287 1249 2405 1300 me
2481 1217 2819 1324 tanquam
2886 1224 3169 1302 fratrem
3235 1235 3307 1300 et
3372 1227 3681 1316 socium,

647 1366 944 1440 quaeso,
1011 1343 1136 1442 qui
1193 1367 1358 1419 suae
1413 1343 1907 1420 mediocritatis
1981 1353 2054 1420 et
2125 1352 2513 1421 vestrorum
2574 1345 2979 1420 meritorum
3039 1345 3262 1445 probe
3322 1348 3682 1437 consciae,
3750 1351 3761 1360 ’

645 1471 870 1538 vestra
917 1462 1382 1540 familiaritate
1425 1463 1534 1539 uti
1550 1522 1571 1553 ,
1619 1465 1864 1540 vestris
1903 1465 2186 1540 monitis
2231 1473 2302 1540 et
2341 1465 2645 1540 008811118
2688 1465 2827 1540 frui
2864 1490 3245 1566 permagno
3294 1467 3429 1542 sibi
3476 1467 3687 1542 ducet

647 1583 926 1671 honori,
996 1593 1070 1659 et
1135 1583 1296 1660 licet
1363 1609 1408 1659 8
1464 1583 1661 1660 vobis
1721 1584 2047 1659 omnibus
2067 1643 2086 1672 ‚
2145 1585 2254 1660 vel
2295 1585 2686 1660 iunioribus
2731 1587 2840 1662 vel
2883 1585 3269 1662 senioribus
3316 1611 3481 1663 cum
3525 1587 3685 1662 doe-

645 1702 866 1779 trinae
920 1705 1339 1803 praestantia
1394 1713 1551 1779 tum
1607 1705 1871 1806 ingenii
1927 1704 2212 1780 dotibus
2254 1706 2459 1804 longe
2504 1694 2869 1805 superetur
2886 1765 2907 1796 ‚
2956 1707 3034 1782 id
3078 1714 3311 1783 tamen
3356 1716 3555 1808 aget,
3607 1719 3687 1784 ut

643 1821 719 1896 18
763 1823 1122 1898 'omnibus
1198 1823 1334 1900 illis
1411 1824 1820 1900 exhibendis
1889 1824 2128 1900 officiis
2147 1883 2166 1913 ,
2243 1849 2422 1924 quae
2496 1833 2816 1902 mutuam
2890 1827 3079 1902 alant
3152 1827 3525 1904 amicitiam
3545 1887 3565 1916 ,
3646 1857 3689 1904 a

645 1944 884 2042 paucis
929 1969 1003 2018 80
1051 1943 1232 2020 vinci
1277 1953 1354 2020 et
1403 1945 1712 2046 superari
1751 1943 1970 2019 sinat!
2036 1989 2139 2006 -
2199 1944 2440 2044 Atque
2482 1946 2614 2022 hoe
2653 1947 2848 2022 vobis
2887 1947 3293 2046 praesertim
3334 1947 3643 2047 spondeo
3664 2007 3685 2038 ,

645 2063 1060 2163 Theologiae
1103 2057 1568 2140 Professores!
1621 2065 1772 2139 Viri
1811 2063 2232 2165 gravissimi!
2286 2065 2709 2164 quibuscum
2744 2065 3122 2142 earundem
3161 2066 3687 2167 disciplinarum

648 2182 961 2258 studium
985 2242 1004 2272 ‚
1055 2184 1366 2284 adeoque
1405 2185 1653 2261 arctior
1698 2186 1908 2260 etiam
1953 2209 2066 2258 me
2108 2185 2357 2284 iunget
2398 2185 2856 2262 necessitudo.
2957 2186 3099 2260 Vos
3118 2245 3137 2275 ‚
3190 2194 3272 2260 ut
3306 2211 3419 2262 me
3464 2195 3689 2264 vestro

645 2304 874 2380 favore
893 2364 912 2394 ‚
964 2314 1188 2380 vestro
1237 2332 1470 2382 amore
1511 2305 2100 2407 complectamini,
2151 2311 2232 2378 ut
2275 2329 2389 2380 me
2434 2305 2866 2380 vacillantem
2907 2306 3311 2380 sustentetis
3328 2365 3345 2392 ,
3398 2316 3479 2380 ut
3516 2309 3691 2382 mihi

647 2435 873 2500 vestra
931 2426 1352 2526 experientia
1396 2427 1648 2503 instrui
1668 2484 1689 2515 ‚
1761 2434 1984 2500 vestra
2030 2424 2344 2500 doctrina
2389 2425 2619 2500 doceri
2665 2424 3055 2500 concedatis
3074 2483 3095 2514 ,
3146 2425 3427 2499 obsecro
3479 2435 3689 2524 atque

645 2544 972 2622 obtestor.
1072 2547 1181 2622 Ac
1237 2571 1566 2648 18838881
1621 2554 1691 2621 01
1745 2529 2006 2620 laetam‘
2045 2569 2242 2644 spem
2286 2545 2360 2619 in
2411 2545 2643 2620 animo
2690 2544 3021 2644 concepi,
3074 2544 3220 2619 fore
3267 2545 3455 2643 quod
3503 2555 3686 2644 pete.

647 2667 899 2740 Nonne
956 2667 1130 2740 mihi
1149 2725 1168 2755 ,
1236 2691 1458 2765 quum
1527 2665 1787 2741 dubius
1846 2673 2056 2765 atque
2121 2665 2370 2741 anxius
2414 2665 2766 2741 haererem
2788 2723 2807 2753 ‚
2875 2673 3113 2740 utrum
3152 2665 3467 2739 oblatum
3516 2666 3693 2740 mihi

653 2807 912 2858 munus
955 2784 1332 2883 acciperem
1369 2809 1460 2860 an
1505 2808 1892 2860 recusarem
1914 2842 1933 2872 ,
1981 2784 2079 2859 ita
2136 2807 2530 2866 succurrere
2581 2785 2894 2860 voluistis
2912 2843 2933 2874 ,
2986 2792 3067 2858 ut
3100 2785 3219 2884 qui
3246 2793 3558 2861 moestus
3601 2787 3692 2860 ad

647 2929 768 2980 vos
808 2904 1246 2979 accessissem
1267 2963 1288 2993 ,
1327 2904 1570 2980 laetior
1610 2929 1653 2980 a
1695 2903 1888 2979 vobis
1935 2904 2358 2978 discederem
2375 2905 2411 2978 P
2459 2945 2558 2960 —-
2606 2905 2756 2978 Nec
2796 2913 3029 2979 metus
3076 2903 3273 2979 valde
3302 2929 3416 2978 me
3458 2906 3653 3027 angit
3672 2954 3719 2992 ,-

645 3050 736 3099 ne
797 3026 885 3100 iis
946 3020 1519 3125 quaestionibus,
1583 3047 1762 3125 quae
1819 3025 1950 3099 hoc
2004 3023 2448 3158 potissimum
2505 3032 2814 3123 tempore
2860 3024 3368 3123 Theologorum
3423 3027 3690 3101 animos

645 3145 1012 3220 advertant
1078 3155 1150 3219 et
1202 3169 1576 3244 suspensos
1637 3155 1956 3233 teneant,
2025 3144 2244 3220 nostri
2308 3144 2525 3219 881181
2572 3144 3082 3244 disiungantur.
3129 3188 3229 3201 —
3271 3146 3524 3221 Nonne
3568 3153 3686 3233 tu,

645 3222 1045 3341 Clarissima
1097 3267 1554 3343 BouMANan
1621 3267 1697 3342 in
1742 3265 2075 3343 memoria
2121 3266 2803 3398 CLAR1ss11,quem
2842 3273 3075 3341 tecum
3112 3266 3419 3341 venerari
3476 3275 3687 3365 atque

645 3386 972 3461 admirari
1032 3410 1396 3485 nunquam
1454 3387 1806 3479 desinam,
1866 3388 1966 3461 ita
2023 3365 2459 3485 'I'heologum
2508 3384 2652 3459 veri
2691 3384 2997 3459 nominis
3038 3384 3241 3459 nobis
3289 3384 3688 3475 delineasti,

647 3512 730 3579 ut
746 3564 768 3593 ,
808 3504 868 3579 si
907 3506 1044 3580 tale
1077 3506 1476 3605 exemplum
1505 3506 1614 3581 vel
1651 3530 1692 3580 e
1724 3504 2105 3603 longinquo
2147 3526 2512 3601 sequerer,
2562 3528 2676 3579 me
2714 3514 2959 3604 terque
3000 3513 3381 3605 quaterque
3417 3505 3689 3580 felicem

647 3624 1167 3724 praedicarem?
1263 3626 1467 3717 Quod
1522 3626 1870 3725 reliquum
1928 3633 2066 3711 est,
2132 3623 2284 3698 Viri
2339 3623 2767 3722 gravissimi!
2848 3624 3113 3701 amicus
3175 3624 3377 3699 nobis
3448 3625 3649 3699 Plato
3667 3684 3687 3713 ,

649 3745 913 3821 amicus
958 3746 1272 3821 Socrates
1287 3804 1308 3835 ,
1342 3746 1467 3822 sed
1505 3746 1731 3845 magis
1767 3746 1988 3820 amica
2029 3745 2300 3846 veritas.
2381 3744 2590 3819 Hanc
2628 3745 2905 3821 veniam
2955 3746 3203 3820 damus
3247 3744 3688 3844 petimusque

649 3865 969 3940 vicissim.
1073 3864 1198 3939 Uti
1260 3872 1496 3941 autem
1565 3865 1872 3942 veritatis
1935 3864 2521 3941 studiosissimum
2540 3925 2559 3955 ‚
2628 3866 2728 3941 ita
2788 3873 2860 3940 et
2902 3865 3089 3964 pacis
3133 3864 3686 3940 amantissimum

581 4060 592 4071 ,
647 4010 765 4059 180
822 3984 1018 4060 vobis
1068 3986 1513 4086 comprobare
1571 3984 1888 4061 studeb0.
1995 3985 2401 4061 Coniunctis
2452 3987 2633 4060 licet'
2658 3984 3043 4083 imparibus
3087 3983 3351 4059 viribus
3371 4043 3391 4072 ,
3442 3984 3687 4059 eodem

651 4105 935 4180 consilio
997 4105 1226 4180 ductis
1293 4105 1600 4180 laborem
1647 4113 1720 4178 et
1761 4105 1976 4178 vitam
2028 4103 2459 4201 Theologicis
2502 4101 2751 4176 studiis
2796 4102 3195 4200 impendere
3247 4100 3450 4175 nobis
3491 4102 3689 4176 Deus

653 4224 1026 4312 concedat,
1065 4234 1136 4298 et
1157 4283 1178 4313 ,
1229 4224 1289 4298 si
1331 4222 1505 4322 quid
1535 4246 1694 4298 mea
1728 4230 1886 4297 vota
1928 4221 2196 4309 valent,
2219 4220 2372 4295 Vos
2401 4220 2525 4293 diu
2544 4219 2858 4295 valebitis
2882 4279 2901 4309 ,
2936 4219 3293 4319 vigebitis!
3343 4222 3649 4295 Funesta
3664 4279 3685 4307 ,

655 4368 837 4442 quae
897 4343 1060 4418 huie
1118 4342 1536 4418 Academiae
1604 4344 2154 4417 RorAARDSwM
2224 4339 2516 4440 eripuit,
2584 4364 2769 4414 mors
2838 4338 3081 4413 vestris
3127 4345 3361 4436 parcet
3404 4336 3651 4412 diebus
3666 4371 3685 4424 3

654 4462 988 4562 vobisque
1048 4462 1450 4562 continget,
1509 4462 1683 4537 rude
1739 4462 2011 4537 donatis
2036 4518 2055 4548 ,
2119 4460 2430 4560 placidae
2484 4460 2857 4534 senectutis
2896 4458 3037 4532 otio
3086 4457 3223 4531 frui
3238 4516 3258 4545 ‚
3306 4465 3683 4555 antequam

655 4582 918 4681 optir'ne
962 4583 1050 4657 de
1089 4584 1324 4659 Patria
1369 4590 1441 4657 et
1485 4582 1786 4657 Ecclesia
1836 4582 2066 4657 meriti
2105 4607 2190 4656 ex
2237 4581 2368 4656 hoc
2422 4579 2601 4655 vitae
2656 4579 2880 4655 stadio
2924 4578 2997 4652 in
3034 4577 3272 4653 beatas
3320 4576 3683 4653 beatorum

657 4702 856 4777 sedes
905 4703 1317 4778 evocemini!
1375 4714 1383 4724 “

757 4822 1027 4898 Salvete
1089 4830 1162 4898 et
1229 4848 1350 4899 vos
1365 4882 1386 4914 ,
1448 4822 1600 4899 Viri
1666 4821 2088 4910 Clarissimi,
2134 4820 2510 4897 Leidenses
2560 4816 2971 4918 Theologiae
3022 4815 3483 4893 Professores!
3561 4816 3685 4913 qui

3104 4940 3196 5010 19
