4766 6034
1154 573 1239 639 w
1536 546 1551 557 ’
2336 576 3005 647 A.KUENEN

1152 780 1473 880 ptoribus
1538 780 1991 861 obtrudentes
2058 786 2409 889 cogitandi
2428 847 2449 877 ‚
2515 785 2860 863 sentiendi
2903 792 2975 861 et
3015 782 3361 860 scribendi
3407 783 3743 859 rationem
3760 842 3780 873 ‚
3831 784 3908 859 in
3955 794 4194 861 eorum

1154 906 1391 975 mente
1442 900 1850 1000 explicanda
1898 903 2193 1003 turpiter
2245 905 2583 981 labamur.
2684 906 2966 979 Praeter
3009 928 3092 979 ea
3137 902 3324 978 enim
3341 961 3364 993 ,
3413 928 3592 1003 quae
3643 903 3972 979 omnibus
4013 930 4193 981 com-

1155 1019 1401 1094 munia
1470 1028 1635 1094 sunt
1690 1022 2091 1098 hominibus
2105 1082 2125 1113 ‚
2186 1025 2541 1125 cogitandi
2597 1023 2967 1125 principia,
3037 1022 3330 1123 singulis
3387 1022 3762 1123 peculiaria
3803 1030 3968 1097 sunt
4025 1048 4193 1099 non·

1152 1139 1344 1214 nulla
1362 1198 1383 1228 ,
1446 1164 1624 1239 quae
1682 1148 1957 1216 tantum
2008 1151 2327 1220 accurata
2380 1144 2908 1243 investigatione
2953 1142 3276 1217 historica
3321 1150 3869 1243 cognoscuntur:
3921 1145 4190 1243 praeiu-

1152 1260 1417 1334 dicatae
1464 1261 1665 1361 quasi
1702 1262 2059 1361 opiniones
2078 1322 2099 1352 ‚
2151 1264 2292 1338 sive
2334 1289 2452 1339 eas
2497 1263 2802 1338 universi
2843 1262 3054 1337 unius
3097 1262 3342 1337 aetatis
3377 1263 3691 1338 homiues
3729 1264 3966 1338 fovent
3983 1322 4004 1352 ,
4057 1265 4198 1339 sive

1148 1381 1353 1479 pauci
1410 1390 1710 1457 tantum.
1814 1383 2049 1458 Hasce
2102 1384 2461 1483 opiniones
2519 1409 2562 1459 a
2625 1384 2922 1483 pueritia
2972 1381 3137 1457 inde
3179 1381 3412 1457 animo
3457 1383 3885 1459 imbiberunt
3902 1441 3923 1472 ‚
3973 1384 4073 1459 ita
4117 1392 4198 1458 ut

1146 1500 1234 1573 iis
1302 1501 1506 1599 plane
1564 1502 1936 1577 assuefacti
1976 1503 2119 1577 sint
2156 1528 2296 1578 non
2341 1510 2618 1580 tantum
2634 1562 2655 1591 ‚
2707 1504 2829 1577 sed
2873 1504 3083 1578 etiam
3130 1502 3203 1575 in
3243 1501 3536 1577 dicendo
3579 1494 3649 1577 et
3699 1502 4062 1578 scribendo
4106 1502 4195 1578 ab

1146 1620 1233 1693 iis
1264 1622 1824 1719 proficiscantur,
1884 1622 2109 1721 iisque
2148 1624 2348 1722 quasi
2382 1625 2584 1697 firmo
2618 1632 2690 1697 et
2723 1623 3134 1697 inconcusso
3165 1621 3619 1696 fundamento
3648 1622 4196 1698 ratiocinationes

1151 1750 1655 1839 superstruant.
1760 1742 1975 1819 Quod
2023 1766 2234 1842 quam
2288 1768 2530 1817 verum
2577 1744 2702 1829 sit,
2751 1742 3236 1839 unusquisque
3283 1749 3649 1841 agnoscet,
3711 1742 3835 1841 qui
3895 1743 3968 1817 in
4035 1744 4194 1818 scri-

1146 1860 1465 1957 ptoribus
1501 1868 1625 1935 aut
1666 1885 1834 1936 aevo
1872 1871 1995 1937 aut
2037 1864 2261 1963 patria
2305 1863 2743 1961 aliquantum
2790 1863 2880 1937 ab
2925 1863 3078 1961 ipso
3129 1861 3552 1937 distantibus
3601 1862 3990 1937 lectitandis
4035 1886 4192 1962 ope-

1146 2004 1298 2053 ram
1356 2004 1556 2056 suam
1614 1981 1987 2058 collocavit.
2088 1984 2241 2057 Iam
2301 1982 2701 2057 istiusmodi
2758 1981 3120 2081 opiniones
3173 1982 3250 2057 in
3298 1983 3391 2057 N.
3441 2007 3719 2082 quoque
3770 1980 4196 2059 Testamenti

1148 2098 1603 2197 scriptoribus
1670 2123 2043 2200 agnoscere
2066 2159 2086 2190 ‚
2156 2104 2394 2177 nullus
2447 2102 2728 2177 dubito:
2795 2084 2936 2200 qua
2986 2102 3060 2175 in
3110 2126 3186 2176 re
3236 2103 3584 2178 neminem
3644 2102 3844 2178 facile
3891 2110 4194 2178 vestrum

1148 2243 1191 2292 a
1242 2243 1356 2293 me
1403 2219 1927 2297 dissentientem
1978 2222 2249 2297 habebo
2265 2282 2285 2311 ,
2353 2223 2735 2297 dummodo
2787 2221 2961 2322 quid
3006 2221 3252 2297 falsam
3311 2222 3496 2296 inter
3543 2231 3615 2297 et
3657 2223 4195 2321 praeiudicatam

1147 2339 1539 2439 opinionem
1579 2342 1893 2432 intersit,
1942 2350 2325 2419 teneamus,
2429 2345 3029 2443 Argumentorum
3078 2366 3144 2440 q.
3184 2342 3254 2416 d.
3305 2368 3344 2415 e
3386 2342 3726 2417 concessis
3765 2342 4195 2441 frequentem

1146 2484 1353 2536 usum
1399 2486 1549 2535 esse
1582 2462 1656 2536 in
1692 2463 1787 2537 N.
1830 2462 2159 2537 Foederis
2199 2463 2394 2538 libris
2427 2456 2502 2569 in
2543 2470 2780 2561 aperto
2819 2472 2958 2537 est:
3011 2462 3260 2537 horum
3297 2469 3533 2537 autem
3571 2461 3897 2561 pleraque
3930 2461 4192 2547 omnia,

1143 2605 1219 2655 re
1276 2582 1664 2657 accuratius
1717 2590 2077 2681 perspecta
2096 2641 2116 2671 ,
2184 2583 2276 2657 ad
2321 2570 2668 2657 eiusmodi
2716 2582 3077 2681 opiniones
3123 2582 3424 2658 revocari
3472 2589 3804 2681 possunt,
3852 2606 4034 2681 quae
4075 2587 4193 2656 aut

1146 2700 1499 2800 scriptoris
1514 2758 1533 2790 ,
1600 2709 1726 2777 aut
1787 2702 2123 2777 lectorum
2177 2710 2300 2777 aut
2362 2710 2814 2801 utrorumque
2865 2701 3116 2777 animis
3160 2703 3414 2778 infixae
3465 2710 3699 2792 erant,
3762 2725 4192 2801 quarumque

1146 2845 1313 2920 ergo
1372 2820 1675 2920 cognitio
1753 2821 1844 2896 ad
1906 2821 2121 2920 probe
2184 2808 2702 2921 intelligendam
2773 2821 2962 2897 illius
3025 2829 3331 2897 mentem
3409 2846 3689 2920 prorsus
3765 2822 3914 2898 sine
3986 2821 4190 2896 dubio

1145 2940 1539 3041 requiritur.
1644 2942 2014 3017 Undenam
2058 2950 2295 3017 autem
2336 2942 2506 3042 haec
2548 2942 2694 3042 peti
2735 2942 2994 3043 possit,
3042 2942 3183 3034 nisi
3216 2966 3302 3016 ex
3339 2942 3726 3017 Hebraicae
3762 2940 4190 3042 antiquitatis

1145 3061 1378 3137 studio
1395 3121 1415 3152 ‚
1487 3063 1813 3162 equidem
1876 3087 2017 3138 non
2081 3063 2316 3138 video:
2393 3065 2759 3139 cohaerent
2823 3064 3010 3138 enim
3078 3063 3474 3136 istiusmodi
3525 3062 3882 3162 opiniones
3898 3121 3919 3152 ‚
3984 3063 4188 3162 idque

1143 3205 1353 3281 quam
1426 3183 1808 3259 arctissime
1828 3243 1848 3271 ,
1921 3208 2085 3258 cum
2146 3183 2458 3283 ipsorum
2523 3183 2948 3282 scriptorum
3011 3181 3280 3280 origine
3298 3239 3318 3270 ‚
3387 3181 3610 3281 patria
3628 3238 3648 3270 ,
3717 3181 4148 3256 institutione
4165 3239 4185 3266 ‚

1143 3327 1322 3400 quae
1396 3305 1630 3378 omnia
1698 3303 1985 3378 Iudaica
2050 3313 2235 3379 sunt.
2340 3304 2556 3382 Quod
2615 3329 2706 3377 ne
2757 3283 2934 3402 'quis
3001 3303 3102 3379 ita
3169 3302 3440 3376 dictum
3494 3326 3645 3376 esse
3703 3307 3908 3400 putet
3927 3360 3946 3389 ,
3995 3301 4145 3376 AA.
4165 3357 4184 3387 ,

1144 3422 1346 3520 quasi
1411 3422 1725 3522 singulae
1788 3423 1997 3522 primi
2060 3422 2211 3498 aevi
2272 3420 2684 3496 Christianis
2735 3444 2898 3494 cum
2942 3420 3394 3518 popularibus
3448 3419 3709 3495 fuerint
3751 3443 4183 3496 communes:

1143 3541 1319 3616 nihil
1370 3566 1534 3617 sane
1581 3541 1823 3615 falsius
1870 3549 2071 3618 esset.
2172 3541 2332 3615 Hoc
2378 3540 2567 3615 enim
2615 3547 2722 3614 est
2775 3539 3128 3639 religionis
3177 3531 3610 3614 Christianae
3660 3539 4017 3639 proprium
4042 3597 4062 3628 ‚
4109 3544 4187 3610 ut

1146 3660 1271 3758 qui
1316 3660 1583 3759 Spiritu
1628 3660 1861 3735 divino
1879 3719 1900 3750 ‚
1952 3685 2164 3760 quem
2207 3685 2371 3736 cum
2417 3657 2819 3734 hominibus
2868 3658 3404 3734 communicavit
3449 3659 3796 3734 Ecclesiae
3839 3658 4147 3733 conditor
4163 3714 4182 3743 ,

1146 3779 1311 3874 duci
1364 3804 1438 3854 se
1486 3779 1794 3880 patiatur
1810 3837 1831 3870 ,
1899 3780 2252 3856 verissime
2309 3779 2399 3855 ab
2471 3779 2808 3878 Apostolo
2862 3779 3133 3854 dicatur
3185 3782 3418 3870 καινὴ
3463 3781 3759 3864 ’κτίσιςε
3813 3777 4182 3854 dummodo

1143 3923 1287 3974 non
1352 3923 1573 3975 novus
1641 3898 1759 3974 ille
1826 3899 2037 3975 homo
2103 3899 2318 3974 veteri
2380 3900 2740 3999 oppositus
2808 3891 3015 3998 plane
3090 3906 3214 3975 aut
3281 3898 3476 3973 nullo
3541 3923 3703 3973 cum
3775 3923 3858 3972 eo
3917 3896 4181 3972 vinculo

1144 4019 1557 4094 coniunctus
1604 4020 1933 4118 fingatur.
2034 4022 2237 4098 Quae
2278 4019 2496 4118 igitur
2541 4019 2901 4094 Iudaismo
2955 4019 3218 4095 addicti
3264 4018 3592 4114 fovebant
3639 4018 3892 4118 placita
3907 4076 3927 4105 ‚
3979 4043 4060 4092 ea
4099 4039 4179 4090 ex

1086 4119 1097 4132 ⁰
1146 4139 1544 4215 hominibus
1601 4139 2014 4214 Christianis
2074 4138 2275 4214 factis
2330 4162 2472 4211 non
2541 4139 2776 4212 statim
2834 4137 3166 4213 radicitus
3209 4136 3446 4210 evulsa
3489 4143 3690 4222 sunt;
3749 4135 3886 4210 alia
3921 4135 4176 4210 nullam

1143 4283 1347 4356 passa
1390 4267 1556 4334 sunt
1602 4259 2057 4334 mutationem
2077 4317 2097 4346 ,
2146 4258 2279 4333 alia
2321 4257 2611 4349 ulterius
2655 4259 2966 4346 exculta,
3019 4256 3153 4331 alia
3189 4255 3494 4353 denique
3530 4263 3826 4354 purgata
3851 4262 3922 4328 et
3951 4279 4179 4346 emen·-¹

1146 4379 1310 4453 data
1356 4387 1543 4460 sunt.
1644 4382 1801 4455 Iam
1851 4379 2080 4454 videte
2097 4436 2118 4467 ‚
2191 4385 2535 4477 quantum
2586 4377 2676 4452 ad
2726 4378 2895 4454 haec
2937 4375 3347 4451 illustranda
3389 4374 3694 4448 conferat
3749 4373 4175 4472 antiquitatis

1096 4531 1108 4542 ·
1148 4497 1535 4574 Hebraicae
1596 4499 1928 4576 studium.
2051 4501 2252 4578 Quae
2308 4498 2496 4572 enim
2551 4498 2793 4573 eadem
2835 4505 3280 4584 manserunt,
3332 4519 3570 4570 eorum
3617 4495 3691 4569 in
3739 4494 3950 4568 sacris
3998 4496 4172 4568 Isra-

1147 4617 1469 4692 elitarum
1512 4617 1721 4694 libris·
1756 4621 1911 4694 fons
1952 4620 2183 4708 adest3
2237 4618 2493 4693 similia
2533 4642 2734 4716 porro
2776 4641 2937 4691 cum
2985 4616 3328 4692 similibus
3371 4614 3880 4714 comparatione
3917 4605 4172 4712 optime

1144 4735 1611 4811 illustrantur:
1678 4738 2054 4814 Christiani
2122 4763 2287 4837 ergo
2348 4737 2710 4837 scriptores
2765 4759 2930 4812 cum
2986 4734 3290 4814 Iudaicis
3350 4735 3747 4811 conferendi
3781 4734 4041 4834 illique
4091 4755 4171 4809 ex
