4766 6034
1896 610 2450 702 onarlo.
3609 613 3696 681 sa

648 821 843 895 dotes
864 878 885 908 ‚
950 843 1129 920 quae
1184 819 1321 894 hue
1382 817 1861 917 requirantur,
1928 819 2287 920 variosque
2330 818 2575 895 modos
2592 875 2613 907 ,
2663 816 2923 916 quibus
2965 817 3282 894 Muneris
3332 819 3556 896 officio
3601 822 3692 898 ab

648 965 727 1016 eo
794 948 962 1014 sunt
1028 937 1443 1038 peragenda.
1545 937 1743 1015 Haec
1798 965 1955 1015 vero
2020 941 2195 1016 dum
2260 940 2493 1017 omnia
2557 937 2798 1014 subtili
2845 939 3288 1038 indagatione
3342 941 3652 1040 explorat
3671 1001 3690 1030 ,

642 1061 1006 1136 immemor
1066 1083 1206 1134 non
1270 1067 1378 1134 est
1442 1060 1689 1134 veteris
1756 1061 2135 1136 sententiae
2157 1120 2176 1150 ,
2236 1059 2597 1136 historiam
2659 1083 2810 1134 esse
2879 1059 3283 1158 magistram
3305 1119 3327 1151 ,
3395 1061 3692 1162 ideoque

644 1190 986 1279 quantum
1029 1188 1260 1279 potest
1300 1180 1375 1254 in
1428 1204 1637 1256 usum
1684 1204 1892 1257 suum
1946 1181 2282 1258 convertit
2330 1179 2792 1280 experientiae
2837 1179 3251 1256 testimonia.

738 1305 943 1382 Quae
1012 1327 1231 1401 quum
1298 1302 1397 1376 ita
1456 1300 1632 1390 sint,
1696 1301 2182 1402 unusquisque
2229 1300 2438 1401 paulo
2489 1299 2896 1399 prudentior
2944 1299 3322 1401 intelliget,
3370 1300 3692 1378 futurum

641 1422 1006 1522 Euangelii
1060 1422 1470 1497 Ministrum
1516 1422 1929 1522 Theologiae
1982 1422 2329 1498 Praeticae
2380 1421 2612 1496 studio
2671 1419 3001 1496 idoneum
3055 1421 3293 1511 reddi,
3359 1423 3476 1497 cui
3523 1422 3690 1497 Mu-

640 1567 773 1617 nus
830 1543 1119 1616 Sacrum
1173 1541 1651 1616 demandetur.
1752 1543 1941 1618 Nam
1996 1543 2203 1618 hocce
2251 1541 2459 1616 modo
2501 1541 2648 1628 via,
2699 1566 2912 1640 quam
2960 1541 3132 1618 inire
3186 1541 3439 1631 debet,
3489 1542 3690 1619 ducis

640 1662 841 1761 periti
906 1687 1122 1737 manu
1186 1662 1251 1736 ei
1314 1669 1757 1738 monstratur.
1873 1663 2025 1738 Tali
2088 1670 2326 1738 autem
2387 1661 2512 1760 qui
2569 1660 2793 1735 utitur
2866 1661 3045 1736 duce
3113 1687 3344 1738 nonne
3401 1663 3506 1752 ei,
3565 1663 3690 1763 qui

640 1805 837 1856 suam
900 1781 1036 1856 sibi
1089 1783 1237 1881 ipse
1300 1781 1529 1858 lucem
1593 1783 1903 1858 sufficere
1958 1792 2201 1882 putat,
2269 1783 2475 1882 longe
2537 1777 2899 1857 antecellat
2945 1805 3224 1858 necesse
3273 1784 3433 1858 est?
3505 1783 3690 1862 Quis

638 1902 821 1976 enim
842 1960 862 1989 ,
928 1902 989 1976 si
1032 1901 1142 1976 vel
1193 1901 1508 1976 omnium
1558 1903 1649 1976 sit
1698 1903 2185 2004 sagacissimus
2207 1962 2226 1991 ,
2278 1909 2524 2000 suopte
2567 1901 2847 2001 ingenio
2897 1902 3228 2001 reperiat,
3279 1927 3458 2001 quae
3499 1903 3691 1979 omni

640 2031 944 2120 tempore
1008 2047 1095 2098 ex
1160 2021 1462 2096 virorum
1535 2022 1895 2098 doctorum
1961 2023 2532 2100 meditationibus
2603 2022 3022 2122 monitisque
3084 2022 3158 2098 in
3212 2024 3688 2122 posteritatem

636 2142 1165 2217 redundarunt?
1244 2143 1307 2216 E
1373 2140 1677 2218 tenebris
1736 2168 1973 2218 eruere
2031 2145 2133 2218 rei
2192 2144 2560 2229 cuiusdam
2621 2142 2993 2241 principia;
3057 2142 3446 2242 explorare,
3513 2169 3686 2243 quo-

636 2262 843 2335 modo
904 2270 1137 2359 partes
1202 2261 1352 2336 eius
1412 2286 1575 2338 oum
1640 2262 1749 2338 his
1811 2263 2165 2362 principiis
2216 2262 2664 2350 conveniant3
2715 2262 3100 2363 perspicere
3118 2321 3139 2352 ,
3191 2288 3404 2362 quare
3455 2272 3686 2363 partes

634 2380 789 2454 illae
860 2382 1001 2454 sint
1062 2391 1141 2456 ut
1200 2390 1406 2469 sunt,
1472 2391 1544 2457 et
1595 2384 1948 2480 quomodo
1999 2409 2149 2458 esse
2194 2382 2548 2470 debeant‚‘
2584 2424 2686 2440 —
2733 2382 2925 2456 eccui
2985 2407 3240 2482 quaeso
3289 2385 3686 2483 continget,

634 2499 926 2576 aliorum
1000 2501 1511 2577 institutionem
1584 2511 1657 2578 et
1724 2503 2063 2580 auxilium
2126 2502 2573 2604 aspernanti?
2669 2503 2766 2576 Et
2840 2503 2948 2577 vel
3025 2503 3124 2578 sic
3201 2510 3440 2578 tamen
3517 2503 3688 2580 haec

632 2621 901 2709 omnia,
948 2621 1363 2711 Auditores‚
1414 2622 1507 2697 ad
1552 2624 1823 2698 Munus
1866 2625 2153 2700 Sacrum
2199 2625 2331 2699 rite
2380 2623 2788 2699 obeundum
2831 2630 2999 2697 sunt
3047 2624 3449 2700 necessaria.
3517 2625 3684 2698 Ete-

632 2741 779 2816 nim
821 2742 943 2816 illa
985 2743 1308 2833 demum,
1357 2767 1537 2842 quae
1586 2742 1791 2819 nobis
1845 2752 2011 2819 sunt
2050 2744 2416 2845 perspicua
2431 2802 2454 2838 ,
2504 2768 2683 2843 quae
2721 2743 2902 2818 bene
2942 2742 3238 2820 fundata
3277 2769 3428 2820 esse
3470 2769 3686 2845 agno-

635 2861 889 2936 scimus
911 2921 931 2950 ,
979 2886 1160 2961 quae
1216 2862 1747 2960 comprobamus
1792 2860 1966 2961 ipsi,
2020 2861 2093 2936 et
2138 2886 2373 2939 revera
2413 2861 2587 2936 velle
2607 2919 2628 2950 ,
2681 2860 2754 2935 et
2793 2869 2978 2938 recte
3020 2861 3242 2938 facere
3288 2887 3684 2962 possumus.

634 2983 882 3081 Itaque
954 2990 1125 3058 tunc
1195 2983 1483 3060 demum
1556 3007 1842 3059 munere
1908 2989 2143 3059 nostro
2214 2981 2391 3057 bene
2464 2981 2877 3081 fungemur,
2946 2983 3005 3057 si
3072 3006 3314 3058 omnes
3382 2982 3685 3059 actiones

634 3110 904 3177 nostrae
956 3101 1473 3202 proficiscentur
1516 3128 1603 3178 ex
1650 3104 1833 3179 clara
1868 3128 2101 3179 rerum
2121 3160 2141 3191 ,
2190 3102 2394 3177 nobis
2447 3102 2973 3178 commissarum
2995 3160 3016 3191 ,
3065 3102 3558 3202 intelligentia,
3611 3113 3684 3179 et

636 3246 873 3297 omnes
930 3224 1239 3299 muneris
1296 3223 1517 3299 nostri
1576 3230 1807 3323 partes
1872 3224 1963 3299 ob
2026 3223 2261 3299 oculos
2310 3221 2514 3296 nobis
2567 3222 3027 3296 versabuntur
3075 3222 3289 3297 veluti
3339 3223 3514 3298 radii
3533 3281 3554 3311 ‚
3605 3223 3682 3299 in

636 3366 855 3417 unum
922 3352 1240 3418 centrum
1306 3350 1669 3442 vergentes
1688 3402 1708 3432 ‚
1775 3344 1989 3419 veluti
2054 3343 2224 3418 varii
2286 3343 2600 3421 tramites
2619 3399 2639 3430 ,
2703 3342 2947 3417 eodem
3014 3343 3374 3417 tendentes
3393 3401 3414 3431 ‚
3467 3342 3685 3417 veluti

637 3470 821 3537 rotae
868 3463 1343 3538 machinarum
1366 3523 1387 3553 ,
1448 3464 1630 3539 inter
1678 3488 1751 3539 se
1800 3464 2239 3541 cohaerentes
2258 3522 2279 3551 ‚
2338 3485 2640 3562 quarum
2691 3463 2884 3537 nulla
2933 3462 3082 3537 sine
3138 3462 3393 3538 damno
3441 3461 3682 3538 deesse

636 3582 868 3680 possit.
971 3582 1449 3661 Quamobrem
1512 3591 1707 3659 extra
1766 3583 2299 3659 controversiam
2357 3582 2666 3681 positum
2729 3592 2836 3657 est
2853 3641 2873 3670 ,
2939 3582 3371 3681 Theologum
3423 3582 3680 3657 solum-

636 3702 840 3776 modo
898 3726 1023 3800 per
1084 3702 1529 3801 Theologiam
1598 3703 1981 3779 Practicam
2044 3704 2136 3779 ad
2180 3727 2405 3778 omnes
2451 3712 2522 3777 et
2573 3704 2876 3802 sinyulaa
2921 3702 3228 3778 muneris
3289 3702 3398 3775 sui
3448 3710 3681 3801 partes

634 3821 947 3920 religiose
1012 3820 1369 3897 obeundas
1422 3822 1796 3898 informari.
1898 3824 2253 3911 Fuerunt,
2316 3823 2442 3922 qui
2499 3822 2573 3897 in
2629 3820 2758 3895 hac
2817 3821 3025 3895 illave
3075 3831 3269 3921 parte
3321 3822 3678 3921 negligen-

636 3940 897 4015 tissime
962 3923 1431 4016 versarentur:
1495 3968 1675 4041 quae
1736 3943 1993 4041 agendi
2045 3942 2221 4017 ratio
2271 3942 2558 4016 fortasse
2616 3941 2778 4015 inde
2834 3942 3239 4039 explicanda
3293 3950 3438 4028 est,
3489 3942 3679 4040 quod
3753 3958 3764 3965 ·

638 4058 1077 4157 Theologiam
1122 4060 1505 4135 Praeticam
1546 4086 1687 4135 non
1734 4062 2126 4161 attigerant.
2228 4062 2387 4135 Hac
2437 4062 2622 4136 enim
2665 4060 2980 4159 neglecta
3000 4120 3020 4149 ,
3069 4062 3481 4159 neutiquam
3521 4086 3678 4159 per-

634 4184 1005 4275 spexerunt
1022 4234 1043 4263 ‚
1094 4176 1339 4274 quanti
1379 4178 1703 4276 ponderis
1750 4178 1841 4253 sit
1878 4180 2187 4280 singulas
2228 4179 2548 4253 Muneris
2587 4189 2820 4278 partes
2863 4206 3102 4255 curare
3123 4239 3144 4268 ,
3193 4204 3406 4277 seque
3452 4178 3675 4276 opini-

632 4320 845 4371 onum
896 4321 1179 4371 suarum
1221 4296 1511 4371 libidine
1557 4322 2060 4399 usquequaque
2106 4299 2258 4398 rapi
2306 4299 2495 4399 passi
2548 4306 2733 4373 sunt.
2783 4340 2885 4359 —-
2937 4299 3157 4373 Haud
3215 4298 3479 4372 minore
3523 4296 3676 4371 iure

632 4414 973 4490 sumimus
994 4474 1014 4503 ,
1084 4416 1501 4516 Theologiae
1554 4418 1907 4495 Practicae
1974 4420 2289 4494 studium
2346 4442 2675 4515 magnam
2743 4418 2882 4493 vim
2951 4416 3202 4493 habere
3251 4417 3325 4491 in
3373 4419 3628 4491 modum
3651 4473 3673 4505 ,

632 4559 769 4633 quo
813 4536 1083 4609 Munus
1132 4538 1421 4612 Sacrum
1460 4546 1878 4614 exerceatur.
1978 4541 2115 4615 Per
2154 4562 2309 4613 eam
2350 4537 2538 4611 enim
2583 4536 2815 4611 omnia
2833 4593 2854 4624 ,
2903 4561 3083 4636 quae
3123 4536 3334 4611 huius
3363 4536 3673 4611 muneris

632 4662 837 4742 sunt,
884 4655 977 4728 ad
1022 4656 1357 4757 principia
1406 4641 1875 4749 reducuntur,
1934 4684 2116 4759 quae
2160 4656 2499 4757 principia
2540 4655 2910 4754 Euangelii
2953 4656 3363 4731 Ministrum
3383 4716 3404 4744 ,
3469 4655 3670 4732 cuius

536 4838 549 4847 .
631 4774 849 4849 menti
905 4774 1155 4853 iniecta
1212 4786 1379 4852 sunt
1394 4837 1415 4869 ,
1478 4779 1693 4855 veluti
1746 4779 2085 4855 instinctu
2148 4778 2456 4878 quodam
2503 4776 3032 4876 impertiuntur,
3088 4778 3290 4854 cuius
3333 4801 3464 4875 ope
3509 4800 3664 4875 per-

3141 4897 3283 4971 11*
