4766 6034
1149 630 1281 701 202
2251 634 2304 703 Ι.
2372 633 2451 703 Δ.
2519 635 2587 703 C.
2657 633 3095 705 ROVERS

1149 862 1314 916 nem
1383 840 1620 916 deesse
1642 898 1661 930 ,
1723 841 1786 915 is
1832 847 2114 916 tueatur
2167 841 2370 915 velim
2393 899 2414 930 ‚
2476 842 2814 941 quamdiu
2876 842 2967 918 ab
3034 839 3569 941 Historiologiae
3618 839 3899 940 fastigio
3956 841 4187 941 procul

1151 961 1374 1052 absit,
1443 987 1652 1039 suum
1709 962 1888 1038 illud
1951 964 2216 1065 ὀλίγον
2271 992 2352 1039 τε
2405 964 2635 1060 <pam
2683 994 2763 1041 τε
2808 964 3023 1063 idque
3072 950 3287 1038 omni'
3318 960 3807 1037 saluberrimae
3848 984 4185 1035 commen·

1151 1083 1428 1159 tationis
1473 1082 1832 1159 severitate
1884 1082 1980 1159 sic
2027 1083 2340 1173 roboret,
2392 1094 2475 1158 ut
2491 1143 2510 1173 ‚
2560 1108 2701 1182 quo
2740 1084 2943 1184 plura
2989 1083 3082 1159 ad
3132 1081 3509 1183 spectaculi
3555 1080 4026 1181 integritatem
4046 1138 4065 1169 ‚
4108 1106 4187 1155 eo

1151 1205 1474 1303 pauciora
1521 1204 1614 1279 ad
1659 1203 1871 1279 huius
1919 1204 2304 1279 sententiae
2353 1205 2753 1279 firmitatem
2804 1204 3131 1304 requirat.

1247 1322 1549 1399 Habetis
1620 1348 1848 1399 meam
1869 1383 1888 1414 ‚
1954 1327 2041 1401 A.
2069 1326 2158 1401 A.
2177 1384 2196 1414 ‚
2265 1325 2354 1400 de
2422 1332 2647 1402 aetate
2713 1334 2948 1402 nostra
2994 1322 3530 1423 Historiologiae
3579 1322 3870 1397 fautrice
3924 1328 4188 1395 senten-

1149 1444 1320 1519 tiam
1343 1502 1362 1535 ,
1439 1445 1842 1520 brevissime
1860 1504 1880 1534 ‚
1958 1452 2041 1519 ut
2101 1445 2232 1521 hae
2303 1445 2633 1544 temporis
2701 1445 3063 1545 angustiae
3132 1442 3681 1545 praecipiebant,
3754 1440 4187 1537 descriptam.

1154 1566 1524 1645 Quantum
1563 1574 1670 1641 est
1695 1624 1714 1655 ,
1763 1566 1863 1641 ait
1908 1589 2256 1641 nonnemo
2276 1624 2297 1653 ‚
2345 1565 2539 1663 quod
2578 1564 3088 1643 desideramus!
3170 1564 3452 1645 Quibus
3492 1587 3715 1662 quum
3752 1586 3895 1637 non
3926 1562 4191 1637 videam

1152 1686 1328 1785 quid
1377 1687 1634 1786 opponi
1680 1686 1932 1786 possit,
1980 1686 2154 1761 nihil
2205 1684 2399 1786 prius
2443 1686 2760 1785 potiusve
2809 1685 3032 1763 habeo
3092 1710 3308 1786 quam
3360 1691 3444 1758 ut
3493 1683 3687 1759 vobis
3707 1741 3728 1772 ,
3777 1684 3870 1758 A.
3894 1684 3987 1758 A.
4008 1740 4029 1769 ‚
4074 1704 4193 1779 pro

1153 1830 1236 1881 ea
1253 1864 1274 1897 ‚
1343 1830 1485 1905 qua
1557 1831 1672 1881 me
1728 1806 1936 1881 verba
1999 1807 2364 1882 facientem
2439 1807 2786 1905 prosecuti
2848 1807 3016 1883 estis
3031 1867 3051 1897 ,
3120 1804 3597 1881 benevolentia
3671 1803 3931 1903 gratias
3996 1826 4196 1900 agam

1157 1950 1512 2002 mammas.

1260 2283 1589 2361 Oratione
1631 2282 2084 2383 pronunciata
2103 2342 2124 2373 ,
2171 2308 2387 2385 pergo
2428 2283 2519 2359 ad
2556 2308 2791 2359 rerum
2835 2284 3410 2360 Academicarum
3445 2281 4159 2359 commemorationem
4178 2338 4201 2367 ‚

1159 2404 1359 2480 cuius
1425 2405 1550 2506 qui
1614 2404 2059 2504 praecipuam
2120 2404 2399 2479 laudem
2457 2404 2533 2478 in
2582 2404 2943 2505 diligentia
2991 2411 3300 2505 ponunt,
3352 2404 3600 2480 dubito
3641 2427 3815 2479 num
3867 2400 4199 2475 memine-

1153 2527 1334 2617 rint,
1423 2532 1690 2625 quanta
1771 2524 1860 2599 de
1945 2524 2329 2601 multorum
2398 2524 2741 2601 sententia
2818 2524 3199 2601 modestiae
3276 2524 3369 2600 sit
3440 2532 3513 2600 et
3583 2522 3943 2599 brevitatis
4016 2544 4201 2597 com-

1148 2646 1525 2721 mendati0.
1573 2692 1582 2701 -

1253 2765 1662 2841 Studiorum
1725 2764 2070 2865 praesidia
2129 2789 2270 2840 non
2337 2770 2615 2843 tantum
2684 2768 2957 2869 integra
3014 2774 3375 2844 servantur
3390 2825 3411 2855 ‚
3478 2788 3719 2841 verum
3770 2762 3984 2837 etiam
4035 2784 4201 2861 pru-

1158 2885 1404 2961 denter
1462 2892 1810 2985 augentur
1877 2891 1950 2959 et
2009 2885 2540 2986 amplificantur.
2655 2888 2883 2963 Testis
2937 2888 3147 2963 huius
3213 2886 3623 2988 prudentiae
3670 2884 3746 2959 in
3800 2880 4045 2982 primis
4094 2888 4205 2955 est

1152 3005 1572 3083 Academiae
1643 3004 2079 3083 Bibliotheca
2095 3065 2114 3096 ,
2179 3006 2379 3084 cuius
2447 3007 2870 3086 incrementa
2920 3010 2997 3085 in
3055 3009 3269 3085 tantis
3288 3067 3307 3098 ,
3376 3006 3655 3107 quantis
3698 3029 3783 3080 ea
3822 3001 4161 3103 premitur
4180 3057 4203 3088 ,

1157 3127 1630 3204 subsidiorum
1679 3126 2119 3227 publicorum
2167 3129 2513 3228 angustiis
2559 3131 2864 3231 alioquin
2904 3131 3283 3232 perexigua
3322 3135 3574 3204 essent.
3676 3125 3831 3200 Has
3872 3121 4203 3223 equidem

1159 3273 1690 3349 nonnumquam
1759 3248 2024 3348 explico
2081 3248 2216 3324 illis
2239 3307 2260 3338 ,
2331 3251 2456 3349 qui
2519 3251 2989 3327 Bibliothecae
3044 3251 3353 3351 inopiam
3411 3254 3801 3349 queruntur
3816 3303 3835 3334 ‚
3884 3241 4205 3341 addoque

1156 3369 1244 3444 de
1310 3368 1569 3445 civium
1628 3368 2175 3444 Traiectinorum
2238 3395 2405 3470 erga
2450 3396 2615 3447 suae
2660 3372 3079 3447 Academiae
3118 3371 3630 3447 Bibliothecam
3676 3364 4085 3441 liberalitate
4130 3371 4199 3436 et

1157 3488 1432 3588 saepius
1475 3512 1732 3587 magna
1778 3495 1849 3562 et
1895 3495 2057 3562 ante
2112 3488 2242 3564 hoc
2289 3490 2653 3566 biennium
2707 3498 2826 3566 tan
2834 3499 2905 3568 ta
2923 3552 2943 3581 ‚
2993 3499 3075 3566 ut
3129 3517 3172 3567 a
3219 3488 3571 3566 nonnullis
3622 3485 3989 3561 ditioribus
4038 3481 4195 3556 civi·

1155 3608 1291 3682 bus
1337 3607 1472 3682 tria
1518 3606 1661 3682 fere
1704 3607 2123 3683 florenorum
2162 3609 2382 3686 millia
2426 3612 2499 3685 in
2542 3611 2693 3687 eins
2725 3637 2933 3686 usum
2972 3612 3443 3687 conferrentur
3484 3611 3570 3702 ι).
3679 3607 4194 3704 Obstupescunt
4272 3657 4283 3676 .

1160 3735 1234 3803 et
1282 3727 1614 3802 continuo
1662 3727 2044 3818 affirmant,
2111 3753 2184 3803 se
2237 3728 2325 3804 de
2367 3731 2487 3806 illa
2527 3733 3001 3808 munificentia
3047 3733 3367 3808 certiores
3412 3730 3713 3807 facturos
3756 3752 3909 3803 esse
3946 3724 4191 3800 amicos

1166 3847 1694 3948 Groninganos,
1744 3848 1868 3946 qui
1923 3847 2065 3922 sint
2109 3849 2184 3924 ιιι
2231 3851 2545 3928 sestertio
2590 3853 3053 3953 quinquagies
3105 3860 3231 3929 aut
3283 3851 3576 3928 centies.
3643 3843 4190 3949 prospiciendum

1164 3967 1352 4042 enim
1413 3968 1488 4042 in
1537 3966 1780 4067 primis
1829 3993 1978 4044 esse
2027 3968 2538 4059 Bibliothecae,
2604 3971 2865 4072 quippe
2910 3997 3088 4071 quae
3130 3971 3442 4047 omnium
3491 3969 4006 4069 disciplinarum
4046 3972 4187 4036 stu·

1165 4089 1377 4165 diosis
1433 4088 1690 4189 pariter
1745 4089 1982 4189 prosit.
2051 4131 2140 4148 —
2217 4089 2336 4164 Sic
2388 4089 2529 4180 illi,
2587 4091 2842 4166 haud
2821 4116 3257 4167 immemores
3300 4100 3535 4167 tamen
3578 4113 3821 4164 eorum
3856 4082 4185 4160 Professo-

1166 4234 1362 4298 rum,
1415 4209 1540 4308 qui
1575 4208 1787 4285 libros
1823 4209 2296 4286 Bibliothecae
2333 4210 2720 4301 donarunt,
2756 4218 2828 4287 et
2866 4237 3025 4288 vero
3055 4213 3492 4289 Praefectum
3530 4210 3681 4286 eius
3722 4231 3767 4282 a
3812 4201 4186 4304 diligentia,

1170 4330 1602 4436 humanitate
1685 4330 2057 4430 studioque
2137 4331 2553 4407 discentium
2620 4341 2694 4408 et
2769 4333 3069 4410 virorum
3144 4334 3504 4408 doctorum
3572 4326 3933 4405 commoda
4002 4317 4189 4396 omni

1167 4452 1431 4528 ratione
1495 4452 1784 4528 iuvandi
1853 4451 2219 4552 exquisitis
2284 4451 2512 4527 verbis
2580 4452 2963 4529 laudantes.
3088 4455 3417 4528 Ceterum
3458 4447 4057 4540 obtrectationem,
4126 4438 4191 4510 si

1263 4719 1312 4802 ¹)
1367 4723 1501 4784 vid.
1540 4745 1594 4786 v.
1638 4746 1688 4786 c.
1727 4726 1889 4787 Bect.
1929 4725 2126 4805 Magn.
2159 4725 2262 4788 Or.
2304 4726 2363 4787 in
2406 4729 2613 4789 Amal.
2652 4726 3573 4796 Acad.staie0t.1823—1824,
3614 4742 3672 4802 p.
3708 4723 3787 4783 45
3820 4709 4191 4781 etiamal-

1138 4853 1146 4858 -
1196 4822 1627 4894 1836-1837,
1669 4843 1724 4906 p.
1770 4824 1842 4884 51
1885 4829 1942 4886 et
1980 4822 2320 4904 Opzoomer‚
2362 4822 2465 4885 Or.
2504 4825 2571 4885 de
2607 4825 3007 4903 Philosophiae
3040 4834 3271 4897 natura,
3316 4825 3499 4896 1852,
3540 4839 3597 4900 p.
3640 4819 3735 4882 2⁷.
