4766 6034
1947 627 2504 695 ORATIO.
3658 627 3741 694 1⁷

699 835 928 910 seculo
994 833 1121 906 16⁰
1183 831 1490 906 ineunte.
1529 901 1540 910 .
1599 831 1686 904 In
1748 831 1976 907 lucem
2035 834 2425 933 proferendi
2480 839 2645 907 sunt
2698 833 2927 923 Libri,
2980 836 3102 935 qui
3145 835 3291 935 jam
3340 833 3415 908 in
3468 831 3729 909 Biblio-

698 953 920 1028 thecis
958 953 1210 1040 latent3
1259 951 1450 1049 iique
1499 949 1626 1026 soli
1644 1008 1664 1038 ,
1716 950 1842 1049 qui
1879 951 2180 1028 Arabica
2218 954 2496 1053 Lingua
2534 954 2769 1052 scripti
2816 963 3015 1044 sunt,
3064 980 3155 1029 ne
3200 953 3511 1028 Persicos
3548 975 3732 1026 nun-

693 1099 945 1174 cupem
966 1132 986 1163 ‚
1057 1069 1418 1160 Turcicos',
1486 1071 1656 1147 alios
1675 1131 1695 1162 ‚
1757 1071 1981 1147 multo
2049 1074 2284 1173 plures
2349 1081 2513 1147 sunt
2532 1132 2554 1162 ,
2626 1099 2837 1172 quam
2907 1075 3196 1150 Graecia
3262 1097 3599 1172 umquam
3659 1077 3731 1144 et

694 1194 976 1269 Latium
1017 1193 1217 1281 tulit,
1253 1237 1354 1254 -
1392 1190 1842 1266 Grammatici
1873 1199 1946 1266 et
1977 1193 2517 1292 Lexicographi,
2551 1192 2886 1268 Historici
2912 1201 2985 1268 et
3014 1179 3456 1293 ⁸Geographi³
3506 1190 3729 1264 Theo-

692 1313 834 1413 logi
875 1319 947 1387 et
992 1313 1038 1386 J
1045 1311 1460 1387 ureconsulti
1477 1368 1497 1399 ,
1546 1312 2030 1387 Mathematici
2082 1321 2154 1387 et
2192 1313 2596 1388 Astronomi
2618 1371 2639 1402 ‚
2688 1313 2951 1388 Medici
2989 1321 3059 1388 et
3104 1313 3454 1387 Historiae
3498 1311 3727 1385 Natu-

689 1431 852 1507 ralis
899 1431 1297 1530 Scriptores.
1400 1432 1664 1504 Omnes
1711 1431 1764 1504 ii
1802 1437 1963 1506 suos
2007 1432 2141 1507 sibi
2183 1433 2503 1532 flagitant
2541 1440 2901 1532 patronos,
2951 1432 3255 1514 vindices
3275 1490 3295 1521 ‚
3346 1430 3689 1505 studiosos
3706 1487 3727 1516 ‚

693 1557 762 1625 et
793 1551 1114 1650 flagitant
1153 1575 1280 1624 suo
1314 1550 1488 1648 jure.
1587 1549 1787 1625 Nihil
1821 1558 2053 1626 tamen
2092 1553 2520 1652 postulatur,
2560 1550 2748 1650 quod
2787 1552 2937 1626 fieri
2972 1551 3237 1651 nequit.
3308 1551 3418 1624 Ex
3448 1548 3727 1625 Mathe-

688 1669 958 1744 maticis
1011 1677 1328 1744 nostrum
1379 1669 1678 1768 cogitate
1736 1669 2376 1745 Urnnnnaonxmm
2396 1729 2417 1760 ,
2466 1671 3109 1770 Germanorumque
3165 1671 3377 1745 decus
3390 1727 3409 1757 ,
3458 1667 3727 1743 Wonr·

689 1811 894 1863 nou
907 1821 926 1876 ;
996 1813 1086 1892 err
1140 1786 1438 1862 Medicis
1488 1787 2106 1877 Gannnmmvm
2158 1812 2243 1862 ex
2283 1788 2329 1861 J
2333 1788 2787 1863 ureconsultis
2834 1797 2907 1863 et
2951 1789 3451 1890 Diplomatices
3491 1787 3729 1886 peritis

687 1905 1170 1997 Waannamr,
1238 1908 1762 1996 n’oflssonw‚
1831 1907 2022 1983 alios.
2122 1908 2260 1983 His
2321 1908 2521 1984 claris
2594 1908 2781 1982 Viris
2847 1910 3119 1985 utinam
3186 1909 3304 1985 alii
3364 1908 3575 1983 etiam
3640 1931 3729 1981 ex

685 2025 1133 2102 Nostratibus
1162 2027 1454 2124 posthae
1500 2034 2076 2115 annumerentur,
2124 2052 2204 2102 ac
2253 2026 2503 2126 dignos
2554 2026 2652 2100 sic
2699 2052 2825 2104 nos
2876 2037 3307 2128 praestemus
3350 2027 3691 2102 thesauris
3704 2085 3727 2114 ‚

686 2169 982 2248 quorum
1037 2170 1178 2220 non
1244 2147 1544 2250 custodia
1601 2153 1881 2221 tantum
1937 2146 2140 2221 nobis
2201 2146 2568 2222 commissa
2611 2152 2755 2236 est,
2808 2149 2932 2224 sed
2976 2173 3143 2224 eura
3186 2147 3489 2224 maxime
3532 2147 3722 2246 ipsos

684 2266 754 2339 in
803 2269 1089 2342 omnium
1139 2266 1310 2341 usus
1356 2267 1643 2343 tandem
1691 2276 1763 2344 et
1809 2293 2024 2366 quam
2069 2267 2374 2366 primum
2424 2266 2887 2344 convertendi.

677 2759 684 2766 ’
770 2743 890 2819 Ad
934 2768 1046 2820 res
1065 2802 1086 2833 ‚
1137 2768 1316 2844 quae
1361 2767 1478 2819 me
1524 2743 1820 2818 Rectore
1867 2743 2267 2818 acciderunt
2285 2801 2306 2830 ‚
2356 2742 2773 2818 enarrandas
2818 2767 3054 2844 perge.

771 2863 1037 2939 Omnes
1057 2921 1078 2952 ‚
1144 2887 1320 2963 quos
1390 2863 1740 2962 superiore
1800 2887 1984 2938 anno
2021 2863 2523 2938 -salutabamus
2539 2920 2560 2951 ‚
2642 2865 3004 2939 Curatores
3014 2875 3042 2953 '‚
3109 2887 3250 2938 non
3300 2863 3509 2938 modo
3555 2869 3721 2936 sunt

585 2972 592 2978 ’
679 2982 1082 3082 superstites
1099 3042 1120 3072 ‚
1187 2981 1313 3057 sed
1365 2983 1675 3081 ipsorum
1719 3007 2054 3059 numerus
2097 3007 2338 3059 rursus
2381 2989 2489 3057 est
2536 2983 2823 3081 integer.
2924 2971 3014 3057 In
3058 2983 3289 3059 locum
3330 2984 3517 3059 enim
3563 2981 3718 3056 Viri

674 3100 762 3177 de
818 3102 1056 3177 Patria
1109 3108 1181 3177 et
1233 3102 1614 3177 Academia
1658 3103 2081 3177 meritissimi
2104 3160 2125 3191 ‚
2175 3126 2325 3177 vAN
2359 3104 2622 3176 Dooan
2666 3125 2817 3175 VAN
2862 3102 3517 3177 Wnsr-CAPPRLLE
3567 3102 3665 3194 86)
3691 3157 3712 3190 ,

673 3222 971 3296 Curater
998 3229 1264 3296 creatus
1295 3230 1400 3296 est
1423 3222 1551 3296 Vir
1573 3222 2068 3297 Nobilissimus
2094 3222 2283 3295 DAN.
2313 3222 2596 3295 Tanon.
2625 3222 2923 3293 Gnvnas
2954 3244 3104 3294 vAN
3127 3220 3588 3296 Ennnonnsr.
3610 3262 3713 3283 —-

674 3340 774 3415 'I'e
795 3398 816 3429 ‚
868 3338 996 3414 Vir
1039 3341 1526 3441 Amplissime!
1588 3368 1632 3417 a
1679 3342 1878 3440 Rege
1927 3340 2452 3439 Angustissimo
2509 3340 2601 3415 ad
2652 3339 3139 3439 gravissimum
3187 3326 3397 3415 hocce
3441 3341 3711 3415 Munus

670 3467 990 3535 vocatum
1055 3485 1205 3535 esse
1225 3519 1246 3550 ,
1315 3484 1556 3535 omnes
1614 3461 2023 3559 gaudemus.
2124 3462 2312 3534 Nam
2358 3459 2419 3535 si
2462 3460 2621 3558 quis
2664 3460 2969 3534 dolorem
3017 3487 3104 3536 ex
3146 3459 3299 3534 Viri
3332 3460 3519 3535 illius
3560 3461 3706 3535 lau-

675 3577 1017 3655 datissimi
1078 3588 1151 3654 et
1214 3578 1780 3655 desideratissimi
1834 3587 2056 3655 morte
2091 3586 2321 3654 ortum
2343 3638 2364 3668 ‚
2414 3579 2627 3654 lenire
2649 3637 2670 3668 ‚
2720 3585 2792 3653 et
2826 3578 3167 3679 jacturam
3191 3637 3212 3668 ‚
3262 3603 3474 3677 quam
3525 3579 3706 3654 Aca-

670 3696 896 3772 demia
970 3696 1223 3772 exinde
1294 3722 1497 3796 passa
1569 3704 1716 3786 est,
1787 3720 2102 3797 reparare
2173 3698 2395 3797 possit
2414 3756 2435 3786 ‚
2510 3719 2596 3771 ex
2670 3705 2741 3771 te
2818 3698 2896 3772 id
2966 3700 3122 3798 jure
3196 3708 3697 3797 exspectamus.

668 3815 1008 3892 Novimus
1063 3817 1377 3891 ardorem
1393 3875 1412 3905 ,
1473 3842 1614 3915 quo
1661 3816 1936 3915 singula
1956 3877 1976 3905 ,
2027 3842 2206 3917 quae
2253 3816 2386 3891 tibi
2428 3817 2961 3892 committuntur
2982 3876 3003 3907 ,
3054 3818 3448 3918 aggrederis
3472 3875 3491 3907 ‚
3540 3842 3702 3892 con-

671 3934 898 4010 silium
973 3943 1045 4011 et
1105 3936 1548 4036 prudentiam
1570 3994 1591 4025 ‚
1660 3936 1918 4035 quibus
1979 3936 2054 4013 in
2116 3936 2226 4013 his
2276 3937 2565 4012 versaris
2587 3996 2609 4026 ,
2658 3939 3118 4013 constantiam
3142 3996 3162 4026 ,
3214 3936 3354 4035 qua
3394 3937 3563 4011 haec
3612 3937 3703 4012 ad

667 4055 877 4130 finem
919 4056 1262 4154 perducis.
1362 4057 1596 4132 Multa
1634 4056 1793 4132 ideo
1830 4056 1962 4132 tibi
2016 4056 2226 4131 debet
2266 4064 2335 4130 et
2372 4056 2541 4131 haec
2578 4056 2938 4132 Provincia
2975 4082 3053 4132 ac
3090 4055 3698 4131 Patria-universa.

669 4174 808 4248 Sed
870 4174 1044 4275 quid
1100 4200 1210 4250 res
1276 4176 1392 4250 hic
1457 4184 1733 4251 tantum
1800 4178 2090 4252 referam
2163 4178 2531 4251 Oivitatem.
2559 4176 2792 4276 potius
2808 4235 2831 4267 ,
2880 4185 3004 4251 aut
3026 4177 3373 4274 publicam
3418 4177 3699 4247 omnium

681 4294 934 4368 Civium
999 4296 1285 4370 salutem
1345 4297 1772 4394 spectantes!
1851 4297 1952 4370 Te
2008 4297 2228 4371 verbis
2273 4318 2413 4369 non
2458 4294 2692 4370 minus
2751 4320 2963 4394 quam
2995 4297 3223 4391 factis
3270 4295 3699 4391 Smsptisque

667 4412 753 4486 de
822 4414 930 4488 his
998 4412 1208 4488 rebus
1275 4414 1798 4491 meritissimum
1817 4473 1838 4504 ‚
1907 4422 1980 4489 te
2029 4415 2239 4490 etiam
2289 4414 2607 4489 novimus
2660 4416 2967 4513 priscum
3017 4413 3228 4511 hujus
3281 4410 3701 4487 Academiae

567 4522 580 4549 ¹
668 4529 1087 4622 Alnmnnm,
1159 4532 1372 4632 hujus
1439 4535 1857 4611 Academiae
1923 4559 2193 4636 semper
2259 4532 2808 4610 amantissimum
2831 4592 2851 4623 ‚
2914 4539 2985 4607 et
3040 4531 3261 4631 ipsius
3313 4531 3567 4631 pariter
3598 4556 3700 4607 -ac

664 4648 1204 4751 Disciplinarum
1244 4677 1526 4729 causam
1547 4711 1568 4742 ‚
1618 4664 1700 4729 ut
1739 4678 1963 4754 nuper
2001 4680 2241 4731 rursus
2285 4653 2594 4754 probasti
2609 4712 2629 4742 ,
2678 4653 2990 4729 alacriter
3040 4660 3455 4750 strenueque
3496 4657 3695 4726 tuen-

664 4774 828 4845 tem.
927 4770 1135 4848 Hanc
1197 4773 1414 4873 igitur
1476 4774 1928 4853 Academiam
1999 4800 2210 4876 quam
2258 4771 2737 4852 lubentissime
2791 4773 2923 4849 tibi
2972 4772 3540 4851 commendamus
3558 4828 3578 4858 ‚
3626 4778 3699 4843 et

1253 4928 1266 4939 -
1897 4924 1904 4933 -
3264 4896 3309 4965 a
