4766 6034
1805 654 2363 724 ORATIO.
2830 664 2839 673 ‘
3476 662 3603 729 129

559 854 836 936 difficile
857 918 876 949 ,
946 862 1223 961 gravius
1279 862 1490 937 etiam
1551 888 1763 963 quam
1827 864 1995 938 alias
2054 890 2134 940 ac
2188 863 2535 939 difficilius
2593 863 2907 939 reddant.
3009 868 3211 945 Quae
3257 868 3491 943 omnia
3548 870 3609 943 si

557 981 721 1079 quis
785 980 1020 1057 animo
1080 982 1560 1082 perpenderit,
1627 984 1818 1059 haud
1863 984 2063 1059 facile
2107 1008 2222 1059 me
2272 986 2731 1059 affirmantem
2748 1041 2767 1072 ,
2834 993 3182 1060 moestum
3222 1011 3302 1061 ac
3352 995 3601 1063 treme-

555 1101 882 1177 bundum
939 1128 1054 1178 me
1113 1102 1292 1178 hanc
1349 1103 1748 1181 cathedram
1811 1104 2248 1179 adscendisse
2271 1162 2291 1193 ‚
2357 1103 2926 1179 dissimulationis
2973 1105 3082 1181 vel
3124 1104 3481 1183 affectatae
3532 1118 3603 1183 et

553 1221 828 1297 fucatae
875 1223 1261 1298 modestiae
1309 1226 1748 1301 accusaverit.

655 1344 810 1416 Nec
861 1342 1118 1417 desunt
1168 1351 1404 1418 tamen
1427 1403 1448 1434 ,
1491 1370 1669 1443 quae
1719 1347 1810 1422 ad
1862 1346 2177 1421 animum
2223 1345 2603 1421 demissum
2655 1344 3062 1444 erigendum
3088 1403 3107 1434 ,
3175 1346 3346 1444 quin
3390 1346 3601 1421 etiam

553 1462 748 1537 dulci
795 1464 1099 1561 quodam
1137 1462 1436 1539 laetitiae
1477 1488 1688 1540 sensu
1727 1466 2325 1567 perfundendum,
2375 1466 2727 1566 egregiam
2764 1465 2904 1538 vim
2937 1464 3255 1540 habeant.
3326 1468 3595 1545 Quam-

549 1608 768 1681 quam
827 1584 1014 1659 enim
1075 1585 1266 1659 omni
1316 1568 1757 1685 disciplinae,
1829 1587 1887 1661 si
1949 1611 2090 1685 qua
2145 1588 2236 1661 ad
2295 1585 2709 1685 Theologiae
2770 1585 3001 1659 studia
3049 1586 3383 1683 pertinet,
3441 1610 3595 1685 per·

548 1703 858 1778 multum
923 1704 1245 1780 utilitatis
1307 1715 1519 1804 atque
1583 1708 2036 1783 emolumenti
2102 1708 2326 1782 inesse
2390 1707 2702 1805 intelligo
2722 1763 2741 1794 ,
2811 1730 2893 1779 ea
2952 1712 3186 1778 tamen
3205 1763 3226 1794 ,
3294 1730 3473 1804 quae
3520 1706 3595 1779 in

547 1822 942 1921 Religionis
999 1830 1070 1898 et
1131 1826 1492 1902 Societatis
1539 1828 1974 1904 Christianae
2022 1827 2336 1903 Historia
2383 1824 2861 1927 cognoscenda
2880 1884 2899 1912 ,
2966 1826 3345 1900 enarranda
3364 1883 3383 1914 ,
3456 1833 3595 1899 tra-

545 1942 806 2017 ctanda
863 1953 1176 2020 versatur
1193 2004 1213 2035 ‚
1269 1948 1522 2023 eximia
1556 1948 1859 2046 quadam
1908 1948 2114 2023 laude
2164 1956 2374 2047 atque
2421 1946 2769 2023 industria
2810 1944 3023 2044 digna
3058 1944 3231 2019 mihi
3279 1945 3595 2033 videtur;

545 2063 608 2135 si
673 2063 864 2138 illam
925 2066 1168 2141 saltem
1227 2067 1581 2143 Historiae
1629 2069 2028 2144 tractandae
2071 2068 2252 2141 viam
2303 2066 2614 2167 sequaris
2636 2124 2655 2155 ,
2724 2090 2902 2164 quae
2950 2065 3237 2139 minime
3282 2064 3475 2140 nuda
3514 2090 3595 2140 ac

541 2192 730 2257 tersa
795 2186 1222 2261 enarratione
1273 2187 1654 2262 absolvitur
1672 2247 1691 2275 ,
1758 2188 1882 2263 sed
1933 2212 2110 2287 quae
2161 2188 2372 2262 etiam
2424 2210 2716 2286 magnos
2760 2210 2993 2259 rerum
3038 2186 3263 2261 flexus
3310 2210 3391 2260 ac
3436 2210 3591 2261 mu-

541 2304 842 2379 tationes
906 2306 1225 2405 sequitur
1289 2316 1362 2382 et
1417 2308 1839 2397 considerat,
1905 2334 2286 2409 eorumque
2351 2332 2632 2383 caussas
2680 2320 2891 2404 atque
2942 2302 3229 2379 effectus
3270 2306 3592 2405 exponit3

539 2423 756 2498 verbo
835 2424 1096 2501 dicam:
1185 2426 1375 2503 illam
1453 2428 1806 2503 Historiae
1879 2427 2274 2504 tractandae
2333 2427 2671 2502 rationem
2692 2484 2712 2515 ,
2780 2448 2959 2524 quae
3030 2450 3185 2499 vere
3260 2426 3591 2527 Pragma⁴

537 2544 683 2618 tica
745 2544 884 2619 dici
942 2553 1205 2645 potest,
1271 2574 1450 2647 quae
1503 2548 1875 2647 Polybium
1939 2559 2208 2649 patrem
2267 2557 2477 2649 atque
2542 2556 2893 2622 auctorem
2953 2546 3239 2634 habuit,
3290 2571 3503 2644 quam
3548 2573 3589 2620 e

535 2664 930 2740 Brittannis
989 2668 1288 2743 maxime
1352 2669 1888 2745 Ronsn'rsonus
1947 2678 2018 2743 et
2085 2672 2465 2745 Granouas
2492 2727 2511 2758 ,
2578 2693 2619 2742 e
2686 2666 3051 2742 Germanis
3109 2666 3547 2741 Hananmns
3570 2724 3591 2755 ,

535 2787 970 2863 PLANcKms
992 2845 1012 2876 ,
1075 2796 1158 2862 ut
1193 2790 1391 2865 'alios
1442 2791 1719 2865 mittam
1739 2850 1758 2881 ‚
1809 2792 2218 2891 aequalibus
2269 2791 2414 2867 suis
2454 2788 3069 2876 commendarunt,
3120 2786 3461 2887 cuiusque
3514 2787 3591 2861 in

535 2906 672 2981 hac
747 2915 984 2981 nostra
1049 2909 1272 3007 patria
1335 2910 1720 2987 Hnusmus
1784 2911 1899 2987 ille
1961 2922 2216 3000 vester,
2281 2920 2353 2986 et
2410 2911 2759 3011 genuinus
2824 2934 2905 2982 ac
2984 2932 3358 3007 germanus
3437 2908 3587 2982 eius

539 3028 926 3127 discipulus
987 3027 1516 3107 RorAARDsms
1588 3033 1968 3109 felicissimi
2019 3033 2210 3109 fuere
2255 3033 2574 3108 cultores.
2676 3029 2819 3104 Hic
2862 3029 3195 3104 nimirum
3235 3029 3590 3104 Historiae

533 3147 642 3223 ita
675 3155 1006 3223 tractatae
1041 3158 1147 3226 est
1181 3149 1448 3227 fructus
1481 3153 1686 3253 longe
1726 3154 2116 3229 uberrimus
2132 3212 2151 3243 ,
2204 3179 2344 3253 quo
2382 3152 2558 3227 nihil
2602 3150 2873 3225 dulcius
2892 3209 2912 3238 ,
2956 3149 3131 3224 nihil
3170 3149 3545 3224 iucundius
3564 3207 3585 3238 ,

533 3269 716 3344 nihil
759 3269 1000 3346 utilius
1051 3273 1432 3372 excogitari
1475 3281 1743 3373 potest,
1795 3283 1876 3349 ut
1917 3301 2057 3350 non
2106 3274 2331 3350 solum
2386 3273 2737 3347 hominem
2789 3271 3021 3371 ipsum
3064 3270 3139 3344 in
3185 3295 3389 3346 scena
3429 3295 3585 3369 pro-

537 3390 878 3464 deuntem
965 3398 1175 3492 atque
1254 3401 1578 3494 agentem
1669 3394 2025 3471 videamus
2041 3455 2061 3486 ‚
2145 3395 2268 3470 sed
2347 3391 2839 3493 sapientissimi
2910 3389 3046 3465 Dei
3123 3389 3585 3466 Moderatoris

537 3509 943 3610 Christique
1001 3512 1222 3613 Regis
1282 3514 1857 3613 gubernationem
1910 3516 2124 3591 veluti
2170 3517 2242 3590 in
2293 3514 2654 3614 speculum
2706 3513 3059 3587 intuentes
3078 3570 3099 3601 ,
3150 3537 3425 3588 summa
3472 3537 3585 3587 ve-

537 3630 896 3705 neratione
940 3640 1152 3732 atque
1197 3633 1650 3710 admiratione
1700 3635 2156 3736 abripiamur3
2207 3636 2398 3711 unde
2432 3634 2749 3734 sequitur
2770 3691 2789 3722 ,
2840 3633 3040 3708 illum
3074 3632 3198 3731 qui
3235 3641 3588 3708 tantarum

539 3771 776 3821 rerum
819 3748 1286 3846 cognitionem
1333 3751 1690 3852 discipulis
1736 3753 1880 3828 suis
1922 3755 2278 3855 impertiat
2319 3801 2422 3816 -
2472 3754 2546 3828 in
2594 3778 2733 3854 quo
2780 3755 3182 3829 Bonsnaus
3230 3779 3587 3829 summum

537 3853 879 3942 Historici
922 3892 1182 3944 munus
1229 3871 1463 3970 posuit
1507 3915 1606 3930 —
1650 3874 1798 3950 iure
1846 3876 2232 3976 meritoque
2277 3875 2768 3952 administrum
2816 3874 2956 3950 dici
2997 3901 3077 3951 ac
3126 3875 3339 3950 veluti
3385 3901 3580 3974 prae-

539 4013 785 4064 conem
848 3989 1331 4066 Providentiae
1387 3992 1680 4080 divinae.
1782 3997 2053 4076 Quidni
2117 3997 2332 4096 igitur
2388 3997 2631 4084 laeter,
2697 3996 2787 4069 A.
2838 3995 2939 4068 Al
2994 3995 3305 4069 eiusdem
3347 3996 3583 4069 Provi-

541 4110 820 4185 dentiae
867 4111 1158 4186 numine
1203 4137 1284 4187 ac
1329 4113 1659 4213 singulari
1701 4115 1836 4189 Dei
1875 4141 2040 4215 erga
2088 4142 2201 4191 me
2251 4117 2479 4191 favore
2532 4113 2705 4188 mihi
2754 4113 3127 4212 contigisse
3146 4171 3166 4202 ‚
3216 4121 3297 4187 ut
3335 4114 3409 4187 in
3456 4113 3585 4188 hac

540 4230 1065 4330 disciplinarum
1136 4241 1332 4332 parte
1386 4241 1457 4309 et
1518 4235 1832 4336 regione,
1899 4263 2110 4336 quam
2173 4261 2443 4335 semper
2502 4236 2575 4309 in
2634 4233 2897 4309 deliciis
2943 4232 3305 4308 habuerim
3322 4290 3341 4321 ,
3392 4239 3583 4306 totus

539 4353 794 4451 degere
815 4411 834 4439 ,
889 4360 1083 4426 totus
1129 4354 1386 4428 versari
1436 4357 1694 4454 possim
1715 4415 1734 4446 ,
1783 4358 2102 4456 vitaeque
2155 4356 2679 4433 tabernaculum
2724 4353 3053 4428 collocare
3096 4352 3269 4426 mihi
3310 4353 3531 4428 liceat.

644 4471 861 4550 Quod
929 4495 1153 4570 quum
1213 4473 1366 4548 dico
1395 4531 1414 4562 ,
1483 4477 1696 4551 nolite
1757 4485 2002 4576 putare
2065 4479 2152 4553 de
2201 4477 2415 4553 altera
2465 4474 2921 4550 demandatae
2974 4472 3149 4547 mihi
3193 4471 3581 4570 provinciae

537 4597 740 4688 parte
807 4590 1046 4666 minus
1110 4592 1479 4669 honorifice
1548 4623 1591 4672 a
1649 4623 1762 4672 me
1833 4599 2122 4674 iudicari
2145 4658 2165 4689 ‚
2236 4599 2344 4673 vel
2416 4623 2531 4673 me
2596 4618 2835 4670 eorum
2897 4594 3187 4694 probare
3252 4592 3581 4693 iniquita-

533 4719 682 4783 tem
704 4767 724 4798 ,
781 4710 906 4808 qui
963 4712 1071 4786 vel
1127 4713 1474 4814 Exegesin
1496 4774 1517 4805 ,
1582 4718 1688 4792 vel
1749 4719 2235 4818 Dogmaticam
2295 4717 2407 4793 vel
2468 4716 2853 4792 Historiam
2906 4723 3242 4814 tanquam
3290 4714 3583 4789 Theolo-

539 4828 700 4928 giae
767 4831 1083 4931 reginam
1168 4833 1495 4912 laudibus
1568 4838 1950 4927 extollunt,
2023 4840 2146 4915 sed
2215 4838 2663 4938 Theologiam
2726 4835 3069 4912 Moralem
3126 4835 3235 4912 vel
3288 4834 3581 4925 Ethicen

3008 4959 3095 5032 17
