4766 6034
1920 649 2478 720 ORATIO.
3629 648 3727 728 83,

681 861 958 938 ocredit
1003 861 1076 936 in
1124 885 1279 950 me,
1347 883 1488 935 non
1536 858 1756 934 credit
1794 859 1868 934 in
1925 885 2078 949 me,
2137 860 2262 936 sed
2306 860 2382 934 in
2430 861 2659 946 Eum,
2710 858 2834 956 qui
2878 882 2993 934 me
3036 851 3228 934 misit
3256 859 3381 952 ³⁴).
3492 889 3528 928 ιι
3545 859 3710 934 Cre-

680 1011 717 1052 ιι
738 983 880 1058 dite
928 965 1004 1058 in
1049 983 1284 1057 Deum
1335 988 1406 1055 et
1452 980 1527 1054 in
1576 1004 1689 1056 me
1736 979 1993 1056 credite
2017 979 2194 1073 ⁶⁶).”

720 1161 737 1168 ,
765 1104 880 1178 Ita
929 1110 1001 1178 et
1040 1103 1367 1201 Apostoli.
1465 1101 1652 1176 Nam
1701 1101 1992 1178 Passus
2047 1098 2477 1176 Christianos
2526 1100 2893 1191 describit,
2948 1125 3072 1200 per
3119 1101 3515 1176 Omus'rmu
3558 1125 3702 1176 cre-

670 1225 914 1299 dentes
961 1225 1034 1298 in
1070 1223 1305 1298 Deum
1329 1281 1349 1311 ,
1399 1222 1524 1322 qui
1569 1246 1730 1296 eum
1772 1247 1812 1296 e
1856 1221 2146 1298 mortuis
2196 1219 2613 1308 suscitavit‚·
2630 1246 3045 1322 summoque
3090 1221 3359 1297 ornavit
3401 1220 3659 1296 honore
3680 1278 3700 1309 ‚

669 1351 752 1417 ut
807 1344 1085 1419 illorum
1152 1343 1328 1418 fides
1374 1349 1445 1417 et
1493 1367 1650 1442 spes
1693 1343 1768 1417 in
1814 1345 1968 1417 Deo
2017 1343 2354 1441 repositae
2408 1350 2639 1417 essent
2662 1343 2789 1436 ⁶⁰).
2896 1373 2931 1414 ιι
2956 1343 3033 1418 Si
3085 1343 3453 1418 hominum
3504 1343 3697 1427 testi?

675 1493 712 1532 ιι
733 1463 1051 1539 monium
1109 1463 1566 1563 accipimus,'’
1630 1462 1728 1539 ait
1781 1462 2160 1538 Ionamms
2181 1519 2200 1548 ‚
2277 1490 2314 1531 ιι
2330 1460 2808 1537 testimonium
2855 1463 2992 1536 Dei
3044 1462 3270 1538 maius
3322 1467 3467 1550 est3
3534 1487 3699 1538 nam

675 1612 712 1652 ιι
735 1583 864 1658 hoc
917 1591 1024 1658 est
1070 1584 1548 1660 testimonium
1593 1582 1768 1671 Dei,
1817 1581 2008 1680 quod
2060 1581 2471 1656 testificatus
2522 1589 2629 1656 est
2677 1581 2765 1658 de
2818 1583 3015 1658 Filio,
3048 1607 3197 1658 suc.
3288 1583 3437 1662 Qui
3482 1581 3701 1657 credit

673 1733 711 1774 ιι
734 1703 809 1776 in
853 1702 1111 1778 Filium
1158 1703 1335 1792 Dei,
1387 1703 1600 1779 habet
1648 1702 2128 1778 testimonium
2173 1702 2248 1776 in
2299 1727 2373 1776 se
2420 1702 2609 1802 ipso:
2662 1703 2785 1802 qui
2828 1729 2967 1778 non
3013 1703 3231 1780 credit
3276 1705 3418 1778 Deo
3444 1761 3463 1792 ,
3506 1725 3699 1776 men-

674 1851 711 1890 ιι
733 1823 974 1900 dacem
1043 1824 1230 1899 Eum
1293 1823 1492 1914 fecit,
1565 1823 1732 1923 quia
1795 1847 1934 1897 non
1997 1822 2291 1898 eredidit
2338 1822 2413 1897 in
2467 1823 2942 1900 testimonium
2962 1885 2981 1914 ,
3053 1824 3242 1925 quod
3275 1815 3697 1899 'testificatus

578 1935 594 1941 ’
677 1972 714 2012 ιι
733 1951 840 2018 est
903 1945 1098 2019 Deus
1147 1945 1234 2018 de
1281 1945 1460 2020 Filio
1515 1968 1662 2020 suo,
1741 1946 1838 2018 Et
1887 1944 2016 2019 hoc
2063 1953 2170 2018 est
2223 1943 2701 2019 testimonium
2725 2003 2747 2033 ,
2824 1945 3015 2045 quod
3074 1945 3289 2020 vitam
3346 1951 3701 2019 aeternam

673 2091 710 2132 ιι
735 2063 927 2138 dedit
969 2064 1172 2139 nobis
1217 2066 1452 2153 Deus,
1501 2071 1574 2140 et
1619 2064 1788 2141 haec
1835 2065 1974 2139 vita
2011 2070 2119 2138 est
2155 2065 2230 2137 in
2277 2064 2453 2138 Eius
2492 2065 2668 2139 Filio
2710 2067 2885 2159 ⁵⁷).”
2968 2067 3061 2140 Et
3102 2066 3448 2140 Paunnus
3496 2063 3697 2138 Chri-

666 2183 926 2258 stianos
973 2183 1301 2260 informat
1320 2244 1341 2274 ,
1407 2194 1488 2258 ut
1537 2185 1894 2259 credentes
1947 2184 2022 2258 in
2072 2184 2258 2258 Eum
2283 2242 2304 2271 ‚
2352 2185 2478 2282 qui
2523 2184 2758 2259 Insuu
2780 2244 2798 2272 ‚
2850 2185 3127 2260 illorum
3175 2184 3562 2260 Dominum
3588 2243 3607 2274 ,
3664 2207 3705 2257 e

555 2289 566 2298 ’
664 2301 958 2378 mortuis
1007 2305 1360 2380 suscitavit
1383 2306 1480 2398 ⁶⁸)
1503 2363 1522 2393 ,
1571 2304 1924 2404 fidemque
1970 2327 2209 2379 eorum
2259 2302 2513 2378 diserte
2536 2307 2764 2402 fidem
2811 2308 2887 2380 in
2935 2307 3167 2380 Deum
3221 2304 3389 2396 dicit
3415 2305 3541 2397 ³⁹).

767 2545 898 2619 Est
967 2543 1185 2643 igitur
1205 2603 1224 2634 ‚
1289 2543 1700 2621 docentibus
1769 2545 1944 2620 Insu
2014 2551 2086 2619 et
2148 2544 2502 2644 Apostolis
2516 2603 2535 2634 ,
2606 2544 2772 2621 fidei
2836 2542 3271 2618 Christianae
3341 2543 3693 2620 obiectum

667 2665 984 2739 doctrina
1007 2721 1028 2752 ,
1089 2665 1504 2741 nominatim
1571 2666 2020 2765 Evangelium
2041 2723 2063 2756 ,
2129 2666 2320 2765 quod
2378 2665 2926 2754 denunciarunt,
3000 2663 3403 2764 praesertim
3462 2665 3695 2738 Omn-

665 2806 838 2860 srus
861 2843 882 2874 ,
936 2784 1060 2885 qui
1109 2785 1428 2885 princeps
1470 2785 1832 2884 Evangelii
1877 2793 2372 2884 argumentum
2416 2794 2562 2876 est,
2612 2786 2757 2862 imo
2802 2786 2950 2885 ipse
2984 2787 3216 2874 Deus,
3264 2783 3389 2884 qui
3439 2784 3702 2860 Filium

665 2929 875 2981 suum
935 2904 1186 2982 mundi
1249 2907 1815 2982 Conservatorem
1858 2931 1938 2982 ac
1987 2906 2371 2982 Dominum
2420 2906 2779 2984 constituit
2804 2964 2825 2995 ‚
2890 2929 3054 2982 eum
3098 2905 3276 2982 hanc
3328 2905 3403 2980 in
3445 2912 3703 2981 terram

665 3026 858 3101 misit
880 3085 900 3116 ‚
958 3026 1034 3101 in
1103 3027 1480 3129 Evangelio
1541 3027 1628 3102 de
1681 3052 1762 3102 eo
1814 3033 2140 3117 testatur,
2209 3053 2333 3128 per
2376 3051 2543 3104 eum
2588 3053 2661 3103 se
2708 3050 3046 3126 suamque
3106 3050 3273 3127 erga
3315 3050 3444 3102 nos
3492 3024 3703 3101 bene-

666 3148 1039 3223 volentiam
1087 3146 1449 3247 patefecit,
1509 3148 1586 3221 in
1631 3172 1852 3248 eoque
1897 3172 1970 3223 se
2021 3148 2591 3249 conspiciendum
2636 3146 2838 3223 nobis
2882 3145 3077 3220 dedit
3098 3145 3224 3237 ⁰⁰).
3308 3147 3511 3225 Quae
3555 3170 3703 3221 om·

665 3269 782 3343 nia
829 3292 1053 3366 quum
1103 3267 1514 3345 Christianis
1565 3269 1926 3347 notissima
1973 3276 2244 3358 essent,
2275 3271 2466 3367 fides
2490 3270 2587 3360 ⁰¹)
2654 3273 2727 3342 et
2774 3268 3120 3343 credentes
3145 3267 3244 3359 ⁰³)
3296 3265 3695 3365 saepissime

665 3387 742 3463 in
788 3391 882 3464 N.
933 3388 1013 3465 F.
1065 3388 1257 3463 libris
1306 3396 1932 3465 commemorantur
1951 3448 1971 3479 ,
2022 3388 2214 3464 nulla
2261 3387 2428 3464 fidei
2475 3386 2729 3462 obiecti
2777 3385 3127 3463 mentione
3174 3385 3441 3463 addita.

765 3630 907 3705 Sed
959 3654 1333 3731 pergamus
1395 3631 1486 3706 ad
1535 3631 2010 3731 explicandam
2065 3630 2231 3706 fidei
2273 3628 2721 3705 Christianae·
2750 3630 3057 3705 indolem.
3158 3626 3571 3702 Cerniturne
3630 3650 3713 3701 ea

667 3754 740 3827 in
791 3776 934 3828 una
977 3752 1230 3827 mentis
1275 3750 1718 3852 persuasione
1760 3752 1848 3827 de
1887 3752 2172 3827 veritate
2210 3774 2449 3826 eorum
2469 3809 2488 3840 ‚
2539 3775 2719 3849 quae
2757 3748 3102 3827 credenda
3146 3746 3338 3823 sint?
3402 3746 3703 3823 Minime

667 3873 1002 3973 gentium.
1103 3874 1291 3947 Nam
1343 3872 1684 3949 eiusmodi
1724 3872 1978 3963 mentis
2024 3871 2377 3971 persuasio
2396 3928 2417 3961 ,
2467 3896 2647 3970 quae
2696 3870 3010 3946 animum
3050 3893 3189 3944 non
3237 3867 3522 3959 afficiat,
3575 3892 3703 3943 nec
3828 3906 3831 3909 ·
3920 3910 3929 3913 -

665 3994 817 4093 ipsa
885 3993 1089 4083 vivit,
1159 4016 1288 4069 nec
1349 3992 1564 4067 vitam
1626 3992 1790 4069 dare
1855 3999 2122 4092 potest3
2194 3990 2389 4067 nulla
2444 3991 2512 4065 vi
2556 3991 2848 4090 gaudet,
2921 3988 3149 4064 nullos
3205 3988 3474 4063 fructus
3527 3988 3663 4063 fert
3684 4046 3705 4077 ,

663 4120 986 4211 recteque
1033 4112 1209 4187 fides
1255 4120 1516 4187 mortua
1561 4136 1604 4187 a
1650 4113 1930 4186 Iaooao
1978 4111 2362 4210 appellatur
2403 4110 2526 4201 03).
2628 4111 2826 4184 Num
2869 4109 3084 4209 igitur
3133 4132 3275 4183 una
3321 4107 3536 4183 animi
3586 4132 3698 4181 as-

667 4233 984 4309 sensione
1029 4242 1100 4309 et
1142 4232 1398 4308 fiducia
1435 4222 1800 4307 consistit?
1900 4232 2040 4307 Sed
2076 4230 2244 4305 haec
2283 4229 2498 4304 animi
2529 4229 2835 4304 assensio
2870 4228 3266 4327 fiduciaque
3309 4252 3450 4326 quo
3495 4228 3703 4301 modo

663 4356 953 4455 cogitari
1013 4362 1282 4454 potest,
1348 4353 1486 4428 nisi
1535 4360 1721 4429 certa
1765 4352 1950 4428 adsit
1994 4352 2251 4427 vmentis
2295 4348 2650 4449 persuasio
2668 4408 2688 4439 ‚
2752 4350 2972 4425 firmis
3017 4348 3185 4423 nixa
3228 4347 3658 4446 argumentis
3681 4406 3702 4435 ‚

665 4476 754 4551 de
803 4477 1088 4551 veritate
1131 4499 1366 4550 eorum
1394 4531 1415 4563 ,
1463 4474 1536 4549 in
1590 4473 1848 4573 quibus
1887 4496 2088 4549 suam
2129 4469 2459 4545 fiduciam
2502 4461 2841 4569 re'ponatP
2915 4466 3287 4548 Quomodo
3336 4466 3411 4540 in
3460 4468 3699 4541 Evan-

650 4598 840 4696 ¹qelio
854 4656 873 4685 ‚
921 4596 996 4671 in
1051 4595 1367 4683 salutari,
1437 4618 1648 4695 quem
1695 4593 1950 4693 perfert
1971 4651 1992 4682 ,
2054 4589 2312 4667 nuncio
2363 4590 2693 4666 fiduciam
2738 4613 2969 4666 meam
3011 4610 3339 4688 reponam
3358 4644 3379 4677 ,
3428 4586 3564 4662 nisi
3612 4587 3701 4662 de

663 4716 876 4791 huius
927 4716 1166 4793 nuncii
1209 4717 1492 4793 veritate
1545 4712 1720 4789 mihi
1753 4716 2072 4789 constet?
2138 4710 2511 4792 Quomodo
2546 4710 2621 4785 in
2662 4710 2993 4786 Cnarsro
3036 4710 3327 4807 Deoque
3370 4706 3702 4783 fiduciam

663 4862 890 4913 meam
951 4860 1281 4936 reponam
1300 4895 1320 4928 ,
1369 4836 1506 4912 nisi
1553 4860 1711 4913 vera
1755 4858 1932 4917 esse,
1957 4858 2363 4935 persuasum
2414 4830 2587 4909 mihi
2638 4831 2770 4923 sit,
2820 4856 3001 4931 quae
3051 4830 3141 4905 de
3192 4829 3565 4919 onmem,
3616 4828 3703 4901 de

3068 4950 3159 5023 11
3179 4951 3220 4996 '⁸‘
