4766 6034
1248 614 1374 683 106
2458 615 2534 679 Η.
2602 614 2671 682 Ε.
2746 612 3089 683 VINKE

1341 824 1792 898 Laboratorio
1841 821 2312 922 Physioquico
2357 821 2527 897 item
2578 823 2764 897 varia
2814 821 3056 897 addita
3103 825 3271 895 sunt
3314 819 3781 898 instrumenta
3810 822 4109 923 pretiosa,
4148 826 4205 901 in

1242 944 1354 1019 his
1401 943 1948 1043 Kymoqrapkion
1970 1001 1990 1030 ,
2038 942 2563 1042 perfectumque
2610 944 2786 1018 oculi
2836 940 3212 1042 Speculm.

1338 1064 1799 1139 Nonou-omium
1848 1064 2315 1165 Academicum
2366 1064 2631 1163 gaudet
2678 1063 2885 1139 hodie
2932 1062 3422 1139 instrumentis
3473 1062 3899 1164 Chirurgicis
3938 1068 4209 1142 sufficien-

1242 1184 1434 1260 tibus
1452 1243 1473 1273 ‚
1545 1184 1788 1259 multis
1850 1183 2044 1257 novis
2098 1182 2322 1283 iisque
2371 1183 2691 1283 pretiosis
2744 1184 2847 1258 illi
2893 1182 3173 1259 additis.
3274 1182 3417 1259 Sed
3468 1184 3774 1283 ipsarum
3828 1186 4081 1263 aedium
4114 1189 4209 1261 mi-

1248 1306 1534 1379 serrima
1578 1304 1884 1380 conditio
1933 1304 2163 1379 adhuc
2211 1330 2292 1379 ea
2337 1316 2444 1379 est
2464 1364 2484 1394 ‚
2538 1313 2617 1380 ut
2663 1330 2789 1380 nec
2840 1312 3275 1405 aegrotantes
3323 1304 3478 1405 capi
3527 1302 3663 1379 illis
3708 1312 3964 1403 queant
4003 1306 4213 1405 riteque

1243 1424 1470 1499 curari
1487 1484 1507 1515 ‚
1562 1450 1691 1500 nec
1734 1426 2198 1521 instrumenta
2243 1434 2404 1525 apte
2454 1426 2725 1507 servari.
2828 1424 3059 1499 Verbo
3079 1483 3097 1512 ,
3157 1426 3621 1499 Noaocomium
3666 1448 3757 1499 ne
3812 1425 3951 1499 dici
3990 1427 4215 1525 quidem

1245 1551 1568 1620 meretur.
1672 1547 1922 1646 Itaque
1995 1546 2082 1619 de
2147 1544 2583 1619 emendando
2649 1543 2769 1617 illo
2835 1551 2906 1617 et
2969 1541 3453 1641 amplificando
3510 1540 3652 1617 iam
3705 1542 3832 1618 diu
3892 1544 4247 1645 cogitarunt¹

1248 1664 1617 1741 Curatores
1638 1724 1657 1753 ,
1718 1688 2112 1765 magnaque
2153 1688 2344 1738 nunc
2398 1688 2555 1762 spes
2602 1670 2747 1751 est,
2801 1671 2883 1737 ut
2928 1662 3313 1739 coniunctis
3356 1669 3512 1739 tum
3557 1661 3835 1739 illorum
3858 1722 3881 1753 ‚
3923 1672 4064 1739 tum
4100 1666 4216 1739 Ma-

1246 1785 1668 1884 gistratuum
1731 1785 2036 1860 civilium
2060 1844 2079 1873 ‚
2151 1792 2307 1858 tum
2373 1784 2859 1859 Praefectuum
2928 1782 3327 1859 Nosocomii
3394 1782 3646 1857 urbani
3708 1783 3897 1859 curis
3914 1842 3935 1873 ‚
3992 1783 4220 1859 tandem

1246 1914 1478 1980 ratum
1527 1906 1652 1979 fiat
1672 1963 1693 1994 ,
1744 1903 1934 2004 quod
1979 1904 2214 2003 plures
2259 1904 2402 1980 iam
2449 1928 2665 1980 annos
2712 1904 2786 1978 in
2838 1904 3012 1979 votis
3060 1902 3215 1980 fuit.

1343 2028 1656 2101 Muscam
1721 2025 2084 2123 Physicum
2105 2083 2124 2112 ,
2193 2024 2709 2099 laboratorium
2782 2026 3155 2100 Che-micum
3198 2029 3269 2097 et
3324 2023 3869 2097 Observalorium
3912 2026 4221 2097 M'wroaco-

1236 2147 1462 2242 picum
1507 2144 1686 2219 laeto
1735 2151 1924 2220 statu
1968 2145 2274 2244 gaudere
2310 2152 2633 2247 pergunt.
2712 2144 2925 2223 Quod
2969 2143 3291 2223 affirmari
3332 2166 3613 2241 quoque
3651 2150 3885 2242 potest
3925 2143 4009 2216 de
4047 2143 4225 2217 Horta

1250 2265 1556 2339 botanico
1573 2324 1594 2353 ,
1649 2263 1850 2340 cuius
1900 2272 2136 2339 tamen
2184 2264 2534 2352 aedificia,
2581 2264 3011 2340 asservandis
3060 2264 3316 2363 plantis
3364 2262 3709 2337 destinata
3727 2322 3749 2351 ,
3806 2261 4031 2337 minus
4066 2270 4223 2359 apta,

1246 2408 1640 2484 magnaque
1689 2383 2171 2459 emendatione
2217 2382 2531 2481 indigere
2579 2381 2923 2457 dicuntur.

1349 2505 1685 2602 Speculae
1731 2503 2034 2602 denique
2088 2505 2575 2578 astronomicae
2612 2501 2996 2578 aedificatio
3038 2503 3355 2579 absoluta
3402 2511 3547 2579 est:
3604 2528 3745 2602 qua
3792 2502 3884 2599 de
3925 2528 3994 2577 re
4036 2500 4224 2575 mirifi-

1252 2646 1414 2697 cum
1475 2622 1550 2695 in
1615 2622 1904 2697 modum
1968 2620 2358 2720 gaudemus
2381 2678 2401 2709 ,
2462 2644 2589 2719 pro
2648 2644 2815 2695 cura
2836 2679 2858 2709 ‚
2921 2644 3133 2719 quam
3191 2622 3379 2697 illius
3444 2632 3813 2724 gesserunt
3872 2622 4195 2697 Curatores
4212 2678 4228 2705 ‚

1251 2742 1590 2818 maximas
1655 2742 1742 2817 iis
1811 2742 2070 2843 gratias
2141 2749 2448 2842 agentes.
2542 2740 2925 2816 Consecuti
2980 2742 3167 2817 enim
3227 2742 3367 2819 iam
3414 2766 3691 2832 sumus,
3764 2751 3895 2817 aut
3942 2740 4232 2843 praeclara

1264 2862 1791 2939 nAstronomiae
1853 2863 2163 2939 doctrina
2177 2864 2246 2950 ‚”
2311 2860 2539 2937 verbis
2603 2868 2759 2935 utor
2810 2860 2898 2940 cl.
2950 2862 3310 2937 Munnnm
3338 2863 3467 2957 ¹⁶¹)
3494 2922 3515 2953 ,
3587 2887 3755 2963 apro
3798 2862 3902 2937 rei
3945 2861 4231 2961 dignitate

1262 2990 1378 3059 net
1443 3008 1607 3064 cum
1678 2983 1910 3059 fructu
1975 2982 2392 3059 discentium
2454 2980 2531 3056 in
2593 2980 2723 3058 hac
2782 2980 3246 3059 Universitate
3299 2981 3430 3058 coli
3488 2988 3559 3057 et
3604 2981 3933 3082 explicari
3972 2987 4183 3081 queat:
4201 2979 4232 3005 ''

1265 3129 1443 3204 quae
1479 3104 1688 3181 verba
1707 3164 1726 3195 ,
1771 3105 2178 3206 praesertim
2217 3105 2623 3180 auctoritate
2656 3103 2740 3179 cl.
2773 3103 2975 3178 Burs
3012 3103 3315 3178 Bfflm
3348 3101 3546 3178 nisus
3566 3161 3587 3192 ,
3636 3102 3891 3178 lubens
3910 3127 4061 3178 mea
4076 3099 4233 3176 facio.

1347 3347 1872 3422 Communicavi
1931 3347 2288 3422 vobiscum
2309 3405 2330 3435 ‚
2392 3347 2587 3422 AA.!
2655 3345 2743 3420 de
2806 3343 3145 3424 institutis
3200 3344 3777 3443 adminiculisque
3840 3341 4235 3426 academica,

1255 3487 1436 3563 quae
1477 3464 1586 3539 vel
1619 3465 1773 3563 ipse
1822 3489 2152 3540 noveram
2175 3524 2195 3553 ,
2247 3466 2353 3540 vel
2400 3492 2443 3540 a
2480 3465 2781 3565 Collegis
2828 3465 2999 3541 meis
3048 3489 3464 3564 acceperam.
3566 3467 3733 3543 Quo
3764 3465 3987 3552 facto,
4032 3461 4115 3539 ad
4144 3483 4237 3535 vos

1250 3585 1508 3658 iterum
1581 3609 1698 3658 me
1767 3593 2086 3660 converto
2101 3643 2123 3673 ,
2191 3587 2489 3662 Iuvenes
2549 3585 3156 3686 praestantissimi!
3242 3585 3767 3660 Commilitones
3822 3581 4232 3660 ornat-issimi!

1253 3702 1671 3777 Certaminis
1739 3703 1928 3778 enim
1995 3705 2283 3780 ineundi
2333 3707 2735 3783 facultatem
2792 3705 2987 3782 vobis
3050 3705 3279 3782 indico
3328 3703 3765 3806 praebeoque
3784 3761 3807 3795 ,
3872 3729 4013 3780 non
4070 3700 4236 3802 quale

1251 3823 1392 3897 iam
1411 3881 1432 3910 ,
1500 3822 1717 3897 eheu!
1781 3823 1962 3898 inter
2009 3826 2430 3924 potentiores
2479 3828 2798 3926 Europae
2848 3837 3092 3926 gentes
3142 3826 3405 3927 geritur
3422 3885 3443 3915 ‚
3492 3827 3617 3900 sed
3662 3824 4097 3911 litterarium,
4141 3821 4233 3894 ho·

1245 3949 1526 4017 nestum
1546 4001 1568 4031 ‚
1631 3943 2083 4020 honorificum
2105 4002 2124 4033 ,
2187 3971 2327 4044 quo
2383 3948 2657 4024 nullum
2715 3956 2821 4022 est
2878 3947 3258 4047 periculum
3280 4005 3301 4036 ,
3361 3955 3443 4022 ut
3485 3946 3893 4022 sauciemini
3938 3953 4131 4043 atque
4168 3964 4234 4013 ex

1250 4063 1548 4164 acceptis
1607 4064 2010 4140 vulneribus
2074 4067 2508 4157 moriamini3
2576 4067 2699 4142 sed
2757 4092 2901 4166 quo
2956 4066 3221 4166 ingenii
3276 4067 3630 4166 animique
3684 4066 3859 4142 vires
3904 4071 4233 4145 acuantur,

1243 4185 1672 4285 explicentur
1692 4243 1714 4273 ‚
1775 4195 2182 4286 augeantur.
2284 4187 2402 4262 Ad
2466 4187 3025 4287 respondendum
3090 4187 3277 4262 enim
3326 4195 3480 4262 tum
3530 4187 3727 4264 vobis
3748 4246 3769 4276 ‚
3822 4194 3978 4262 tum
4020 4193 4233 4259 cetera·

1247 4330 1402 4380 rum
1450 4306 1987 4382 Academiarum
2037 4317 2108 4382 et
2155 4308 2670 4388 Athenaeorum
2720 4308 2987 4382 civibus
3032 4317 3513 4408 proponuntur
3551 4309 3682 4384 hae
3731 4307 4191 4387 Quaestiones:

2181 4507 2233 4570 A
2281 4506 2748 4574 neumare
2788 4483 3343 4573 TnEoLocch:

1349 4664 1778 4740 Ostendetur
1827 4693 1912 4742 ex
1965 4667 2250 4742 historia
2270 4726 2290 4756 ‚
2339 4667 2513 4766 quid
2572 4670 2989 4767 Carolinyico
3036 4693 3199 4742 aevo
3252 4667 3603 4767 religionis
3650 4665 4077 4740 Christianae
4118 4659 4235 4729 vim

1245 4784 1570 4859 moralem
1647 4787 1719 4859 in
1804 4796 2046 4886 gentes
2109 4788 2691 4888 Neo-Europaeas
2756 4787 3229 4887 impediverit3
3300 4790 3651 4886 quomodo
3710 4788 3819 4864 vel
3880 4787 3979 4864 sic
4034 4792 4233 4858 tamen
