4766 6034
1222 587 1350 656 296
2404 587 2475 654 n.
2547 585 2606 653 s.
2676 585 3060 666 amna,
3212 671 3221 678 ‚

1222 792 1584 870 succedere
1649 790 2050 893 disciplinae
2110 798 2510 892 nequeunt;
2570 815 2821 892 nempe
2868 791 3133 867 litteras
3204 812 3357 865 esse
3373 847 3394 878 ‚
3445 815 3485 866 e
3534 791 3793 890 quibus
3840 793 4213 872 institutioni

1219 911 1599 988 iuventutis
1642 936 1728 987 ex
1775 935 2032 1011 magna
2069 919 2263 1011 parte
2305 909 2759 988 fundamenta
2800 912 2942 986 sint
2982 907 3449 986 substruenda
3468 966 3490 1001 ,
3533 919 3607 986 et
3646 919 3971 1012 utrasque
4010 916 4211 1014 magni

1221 1032 1465 1132 pretii,
1515 1031 1638 1106 sed
1688 1031 1860 1106 tales
1902 1031 2264 1130 antiquas,
2310 1040 2393 1106 ut
2440 1031 2525 1108 iis
2570 1030 3031 1116 recentiorum
3080 1031 3395 1106 studium
3444 1031 3828 1106 necessario
3882 1033 4213 1120 innitatur,

1223 1177 1362 1252 qua
1405 1150 1840 1225 institutione
1878 1150 2146 1226 fruetur
2191 1175 2524 1226 numerus
2569 1150 2763 1226 haud
2807 1150 3091 1249 'quidem
3136 1149 3235 1225 ita
3274 1173 3573 1249 magnus
3591 1207 3612 1238 ,
3660 1175 3792 1226 nec
3836 1152 4019 1250 quod
4056 1151 4212 1227 dole·
4304 1181 4309 1192 ·

1219 1297 1380 1347 mus
1420 1296 1660 1346 omnes
1705 1269 1995 1361 utiliter,
2045 1270 2168 1344 sed
2211 1270 2419 1362 multi
2463 1277 2693 1346 tamen
2736 1277 2808 1345 et
2850 1268 3482 1370 praestantissimus
3522 1270 3861 1369 quisque3
3908 1270 3981 1344 id
4018 1279 4209 1346 osten·

1225 1393 1458 1467 dimus
1495 1413 1723 1488 neque
1769 1413 2043 1465 summa
2087 1396 2362 1464 tantum
2412 1388 2546 1463 levi
2594 1387 2875 1468 brachio
2919 1411 3071 1462 esse
3118 1387 3586 1486 decerpenda,
3632 1411 3763 1464 nec
3808 1397 4035 1464 tamen
4076 1389 4215 1463 reoi-

1225 1512 1536 1588 dendum
1605 1516 1678 1586 et
1740 1509 2153 1608 nugandum
2216 1508 2292 1581 in
2359 1507 2851 1583 minutioribus
2874 1565 2895 1596 ,
2966 1507 3087 1582 sed
3148 1513 3220 1581 et
3262 1505 3465 1595 haec,
3515 1514 3587 1582 et
3632 1507 3983 1606 quomodo
4024 1531 4215 1582 rerum

1225 1631 1472 1706 notitia
1488 1690 1507 1720 ,
1578 1654 1790 1729 quam
1857 1629 2087 1717 aiunt,
2152 1651 2316 1703 cum
2382 1627 2747 1702 verborum
2808 1625 3259 1727 explicatione
3314 1625 3649 1726 iungatur
3664 1685 3687 1716 ,
3736 1627 3828 1704 ab
3874 1629 4223 1727 argumenti

1224 1759 1473 1826 natura
1527 1750 1761 1824 minus
1821 1748 2120 1848 pendere
2176 1771 2395 1846 quam
2438 1771 2481 1824 a
2542 1746 2835 1846 singulis
2877 1746 3273 1822 doctoribus
3290 1803 3311 1834 ‚
3363 1770 3540 1844 quos
3592 1746 3811 1846 igitur
3852 1771 4058 1847 quam
4096 1771 4221 1820 eru·

1225 1871 1602 1970 ditissimos
1661 1877 2005 1968 optamus.
2119 1867 2475 1955 Accessit,
2538 1866 2731 1966 quod
2790 1866 2961 1942 haee
3024 1865 3258 1968 studia
3316 1864 3697 1942 dixerimus
3761 1891 3907 1943 non
3960 1873 4225 1940 tantum·

1226 1991 1433 2066 modo
1478 1989 1553 2063 id
1597 2012 1875 2086 quoque
1925 1987 2190 2061 efficere
2205 2043 2225 2074 ,
2291 1993 2368 2060 ut
2416 1985 2553 2062 nisi
2595 1986 2688 2061 ad
2726 1985 2881 2085 ipsa
2922 1985 3229 2084 opificia,
3281 1985 3391 2060 vel
3428 1981 3793 2084 opificibus
3836 1993 4077 2092 tamen
4116 1985 4229 2060 nisi

1225 2110 1430 2208 plane
1489 2103 1798 2182 barbaris
1873 2129 2082 2180 usum
2128 2105 2433 2204 aliquem
2477 2103 2802 2193 afferant,
2872 2105 2996 2180 sed
3046 2104 3123 2180 id
3161 2127 3325 2203 prae
3368 2105 3651 2193 ceteriS,
3720 2111 3801 2180 ut
3853 2103 4066 2204 possit
4104 2127 4231 2176 vere

1226 2227 1500 2304 institui
1547 2234 1618 2302 et
1665 2225 2008 2325 sapienter
2057 2224 2338 2300 educari
2388 2225 2685 2324 pueritia
2726 2223 3192 2323 iuventusque
3244 2232 3481 2299 nostra
3498 2281 3523 2314 ,
3574 2230 3653 2298 ut
3696 2231 3771 2298 et
3814 2231 3928 2299 sat
3968 2223 4097 2298 cito
4114 2281 4133 2310 ‚
4174 2229 4235 2295 et

1229 2357 1336 2430 sat
1374 2348 1552 2422 bene
1597 2346 1817 2446 possit
1859 2344 2072 2420 vitam
2117 2343 2465 2420 inflectere
2502 2353 3021 2443 quaquaversus
3034 2399 3059 2432 ,
3106 2342 3299 2441 quod
3330 2343 3391 2418 si
3427 2343 3519 2419 ad
3557 2343 3985 2420 academiam
4022 2340 4201 2417 faciat
4214 2397 4233 2428 ,

1229 2477 1298 2542 et
1359 2466 1449 2542 ad
1500 2491 1582 2541 ea
1627 2466 1871 2542 saltem
1917 2463 2151 2540 studia
2171 2520 2192 2554 ,
2258 2487 2439 2562 quae
2476 2463 2961 2543 historicorum
3006 2463 3287 2539 nomine
3340 2488 3383 2539 a
3432 2463 3735 2564 physicis
3779 2464 3995 2538 modo
4040 2487 4233 2561 segre-

1229 2587 1426 2686 gavi,
1494 2586 1584 2662 ab
1655 2584 1903 2660 iisdem
1963 2583 2151 2658 hisce
2214 2582 2463 2658 litteris
2523 2608 2726 2683 porro
2787 2583 3167 2673 ducentur,
3231 2591 3313 2658 ut
3365 2583 3543 2659 bene
3596 2581 4030 2682 intelligant,
4086 2605 4235 2680 quae

1227 2704 1678 2805 intelligenda
1723 2728 1886 2779 mox
1931 2701 2084 2778 aliis
2139 2701 2417 2778 tradent
2432 2761 2454 2794 ,
2504 2704 2613 2782 vel
2657 2728 2955 2804 quorum
2988 2698 3395 2780 auctoritate
3433 2726 3559 2802 per
3594 2701 3809 2778 vitam
3848 2710 4015 2777 sunt
4048 2700 4231 2776 usuri.

1141 2819 1146 2824 ’
1229 2824 1476 2900 Adieci
1495 2882 1516 2913 ‚
1579 2847 1718 2904 non
1781 2822 2078 2898 nimium
2139 2847 2290 2899 esse
2335 2822 2750 2915 dolendum,
2814 2823 2876 2900 si
2920 2823 3079 2923 quis
3132 2823 3308 2898 forte
3356 2821 3633 2896 fortuna
3682 2820 4057 2896 frustulam
4096 2820 4227 2894 doo-

1229 2945 1450 3021 trinae
1506 2943 1810 3043 aliquam
1871 2942 2208 3049 acceperit
2267 2967 2842 3045 supervacaneam
2864 3001 2887 3033 ,
2950 2967 3079 3020 nec
3132 2943 3193 3019 si
3244 2951 3317 3019 et
3362 2941 3570 3041 aequi
3618 2941 3844 3016 simus
3890 2948 3962 3015 et
4010 2938 4235 3040 cogite·

1229 3090 1391 3144 mus
1431 3064 1782 3164 superiora
1798 3120 1818 3153 ,
1867 3087 2122 3161 negare
2168 3083 2296 3141 nos
2317 3089 2541 3163 ‚posse
2561 3122 2583 3155 ‚
2630 3064 2801 3141 haec
2850 3064 3094 3141 saltem
3134 3086 3424 3141 munera
3466 3070 3539 3137 et
3576 3060 3801 3137 officia
3834 3058 4237 3159 antiquitatis

1235 3184 1468 3259 studio
1512 3182 1845 3281 indigere.
1943 3180 2543 3259 Adumbravimus
2581 3207 2784 3283 porro
2802 3240 2825 3273 ,
2888 3183 3052 3259 licet
3097 3181 3293 3258 valde
3340 3180 3743 3257 dubitanter
3789 3188 3867 3257 et
3911 3181 4061 3281 ipsa
4106 3203 4237 3254 san-

1232 3302 1541 3377 ctissima
1600 3303 1752 3378 luce
1818 3300 1961 3376 fere
2031 3302 2409 3392 occaecati,
2478 3302 2553 3377 in
2610 3328 2751 3402 quo
2797 3312 3209 3405 argumento
3251 3300 3635 3378 litterarum
3676 3300 4002 3376 studium
4047 3322 4236 3399 paene

1234 3422 1500 3521 absque
1555 3421 1829 3497 aemulo
1888 3421 2244 3520 splendet,
2306 3428 2391 3501 et
2442 3430 2785 3522 quantum
2829 3447 2955 3521 per
2996 3422 3261 3498 debiles
3305 3420 3511 3497 hosce
3560 3420 3969 3497 mortalium
4008 3418 4241 3494 animos

1235 3542 1438 3617 liceat
1455 3598 1476 3629 ‚
1525 3540 1718 3639 puris
1767 3540 1992 3639 fulget
2041 3541 2254 3617 radiis
2271 3598 2292 3630 ,
2361 3540 2485 3615 sed
2526 3541 2602 3616 id
2649 3566 2690 3616 e
2740 3542 3121 3641 longinquo
3167 3540 3392 3640 magis
3442 3538 3768 3617 admirari
3816 3563 4035 3638 quam
4071 3561 4239 3637 prae·

1243 3659 1558 3734 sentibus
1596 3684 1872 3735 cernere
1915 3660 2116 3735 nobis
2157 3660 2405 3736 datum
2438 3667 2566 3737 est.
2640 3660 3179 3760 Redarguimus
3225 3659 3432 3735 verbo
3448 3716 3470 3749 ‚
3516 3658 3825 3758 denique
3840 3717 3863 3749 ,
3914 3668 3987 3735 et
4026 3658 4241 3733 horum

1236 3777 1630 3879 opinionem
1646 3836 1667 3868 ,
1728 3778 1852 3877 qui
1905 3778 2204 3878 physicis
2247 3778 2757 3855 institutionem
2801 3779 3181 3880 disciplinis
3229 3779 3603 3855 sustentari
3644 3802 3849 3879 posse
3894 3785 4237 3880 putantur,

1243 3907 1316 3972 et
1361 3920 1596 3973 eorum
1617 3956 1638 3987 ,
1687 3898 1812 3998 qui
1854 3899 1963 3974 vel
2005 3922 2089 3973 ex
2135 3898 2629 3975 recentioribus
2676 3899 3109 3975 sermonibus
3126 3958 3147 3988 ,
3201 3900 3303 3974 vel
3347 3924 3388 3973 e
3429 3898 3691 3997 patriae
3732 3898 3950 3973 etiam
3994 3896 4243 3995 linguae

1241 4018 1475 4093 studio
1517 4042 1718 4117 saepe
1760 4018 1970 4093 nimis
2007 4017 2279 4093 erudito
2318 4026 2391 4095 et
2423 4042 2465 4099 a
2508 4016 2833 4117 primario
2867 4015 3005 4094 fine
3040 4042 3278 4094 averso
3314 4016 3671 4092 materiem
3702 4023 4092 4117 quaerunt,
4126 4036 4243 4113 qua

1239 4162 1367 4237 per
1417 4138 1770 4238 integrum
1806 4137 1949 4213 fere
2000 4136 2555 4237 quinquennium
2572 4194 2595 4229 ,
2634 4144 2910 4239 tantum
2951 4138 3138 4214 enim
3180 4138 3356 4213 vitae
3398 4135 3702 4236 spatium
3740 4136 3983 4235 agitur
3998 4194 4019 4223 ,
4049 4132 4149 4209 vel
4178 4140 4243 4203 ut

1238 4256 1448 4336 tacite
1495 4257 1850 4356 postulant
1899 4256 2515 4333 audacissimorum
2564 4257 3001 4356 quorundam
3046 4256 3299 4356 placita
3343 4280 3477 4355 per·
3513 4254 3815 4331 solidum
3856 4252 4245 4331 decennium

1241 4376 1435 4455 alant
1457 4375 1738 4477 ingenia
1765 4366 2118 4455 iuvenum.
2170 4376 2383 4456 Quod
2412 4377 2535 4452 fiet
2562 4377 2937 4478 aliquando
2958 4376 3243 4453 forsitan
3265 4434 3287 4467 ‚
3316 4373 3449 4451 etsi
3472 4398 3701 4474 neque
3722 4374 3802 4450 id
3822 4398 4027 4474 spero
4046 4392 4243 4469 neque

1244 4498 1550 4575 multum
1589 4495 1752 4572 inde
1799 4494 2118 4571 utilitatis
2159 4496 2549 4597 praesagiO,
2578 4496 2704 4573 sed
2730 4497 2903 4572 dum
2932 4504 3115 4572 recte
3144 4495 3490 4571 cernimus
3507 4553 3528 4585 ,
3556 4517 3951 4594 numquam
3986 4494 4081 4569 sic
4106 4492 4211 4565 fiet
4224 4546 4242 4575 ,

1244 4624 1329 4695 ut
1367 4615 1751 4717 praeclarae
1796 4615 1969 4691 istae
2005 4614 2440 4715 antiquitatis
2482 4615 2811 4716 reliquiae
2848 4640 2989 4692 non
3032 4640 3195 4716 prae
3228 4614 3625 4714 vigentibus
3648 4612 4247 4714 praesentibusque

1249 4736 1674 4829 deserantur,
1723 4734 1847 4822 sed
1891 4758 2055 4837 prae
2102 4734 2413 4813 barbaris
2462 4735 2883 4836 quibusdam
2923 4734 3293 4813 ruderibus
3334 4742 3409 4813 et
3458 4733 3673 4813 medii
3717 4734 3873 4811 aevi
3920 4733 4243 4813 cadavere.
