4766 6034
1853 640 2413 711 onAr10.
3472 644 3653 741 iffi

611 871 759 923 uno
819 848 1020 925 dico?
1118 850 1384 924 Omnes
1439 850 1828 949 gaudemus
1851 909 1870 940 ‚
1937 853 2080 927 imo
2138 861 2286 929 tota
2342 851 2583 929 civitas
2627 850 2887 951 gaudet
2936 852 3025 927 de
3075 860 3473 929 conservata
3518 854 3659 930 vita

608 978 738 1045 tua
777 968 1168 1057 carissima,
1217 968 1612 1069 gratiasque
1653 978 1888 1047 tecum
1923 974 2236 1073 agimus,
2287 997 2463 1072 quas
2498 996 2871 1071 possumus
2889 1030 2908 1061 ,
2958 973 3293 1048 maximas
3334 998 3659 1072 supremo

605 1090 916 1187 primum
985 1089 1282 1165 Numini
1300 1148 1320 1177 ,
1389 1090 1536 1166 sine
1601 1116 1741 1189 quo
1803 1092 1977 1168 nihil
2039 1093 2352 1192 proficiat
2412 1092 2719 1167 humana
2781 1092 3117 1191 sapientia
3135 1152 3155 1181 ,
3224 1092 3475 1169 deinde
3526 1094 3657 1169 tibi

607 1207 858 1297 etiam,
925 1207 1008 1283 cl.
1057 1210 1546 1285 Sunnuannn!
1615 1236 1740 1311 pro
1785 1208 2118 1313 singulari
2138 1270 2158 1301 ,
2232 1238 2374 1311 qua
2422 1212 2745 1311 Collegae
2795 1212 3341 1287 coniunctissimi
3391 1210 3653 1287 valetu-

607 1327 800 1417 dini,
851 1352 992 1404 una
1033 1354 1194 1407 cum
1243 1330 1396 1405 eius
1440 1331 1752 1421 Medico,
1801 1332 2251 1422 consuluisti,
2300 1356 2468 1407 cura
2517 1339 2589 1406 et
2636 1331 3017 1431 diligentia.

711 1449 874 1525 nAd
926 1474 1213 1526 vacuam
1259 1450 1570 1526 defuncti
1614 1453 1850 1528 sedem
1891 1453 2363 1552 occupandam
2411 1452 2687 1527 decreto
2734 1451 2960 1550 Regio
2997 1458 3278 1527 vocatus
3315 1458 3423 1526 est
3460 1450 3652 1524 Bas.-

614 1592 952 1647 nrmanns
1000 1594 1142 1646 'rna
1182 1570 1412 1647 HAAa
1430 1630 1452 1661 ,
1521 1598 1732 1672 quem
1789 1574 2089 1649 delatam
2155 1574 2289 1649 sibi
2336 1573 2759 1674 provinciam
2814 1571 3195 1670 suscepisse
3248 1571 3652 1645 laetamur”.

604 1690 806 1765 Haec
855 1691 975 1780 iis,
1043 1716 1222 1791 quae
1268 1692 1358 1767 (16
1397 1692 1884 1769 Roraaansio
1939 1701 2175 1769 nostro
2221 1718 2376 1769 vere
2414 1692 2959 1794 praedicaverat,
3022 1690 3294 1765 addidit
3342 1691 3656 1765 decessor

603 1834 810 1885 meus
857 1812 1012 1905 168).
1113 1811 1411 1886 Addidit
1449 1820 1686 1889 autem
1719 1839 1856 1890 non
1901 1840 1940 1890 6
1978 1840 2105 1891 sua
2141 1821 2454 1901 tantum,
2506 1813 2631 1887 sed
2666 1836 2755 1886 ex
2785 1836 2941 1886 mea
2975 1836 3254 1911 quoque
3292 1813 3653 1889 sententia.

601 1931 792 2007 Novi
833 1931 1020 2007 enim
1055 1939 1321 2031 patrem
1365 1939 1604 2022 tuum,
1653 1934 1938 2035 Collega
1975 1934 2589 2011 aestumatissimel
2643 1932 2869 2007 virum
2890 1990 2909 2020 ,
2957 1933 3030 2005 in
3077 1956 3217 2032 quo
3258 1940 3404 2007 erat
3442 1933 3653 2006 comi-

602 2060 750 2127 tate
813 2052 1094 2127 condita
1141 2052 1441 2152 gravitas
1463 2110 1482 2141 ,
1545 2054 1884 2155 cuiusque
1943 2056 2320 2155 imaginem
2390 2053 2988 2129 honoratissimam
3044 2064 3115 2128 et
3171 2052 3655 2129 suavissimam

603 2172 1021 2247 etiamnum-
1037 2196 1322 2272 possum
1377 2174 1800 2273 cogitatione
1849 2175 2222 2275 depingere
2241 2232 2262 2263 ‚
2325 2182 2533 2273 teque
2581 2173 2773 2249 haud
2830 2198 2973 2249 uno
3018 2175 3297 2250 nomine
3358 2174 3653 2251 similem

599 2292 668 2366 ei
705 2317 858 2367 esse
901 2316 1319 2391 acceperam.
1420 2293 1782 2371 Praeterea
1827 2304 2118 2396 uterque
2165 2300 2482 2369 nostrum
2506 2351 2527 2382 ,
2587 2294 2872 2368 iuvenili
2926 2302 3191 2382 aetate,
3250 2294 3493 2369 eodem
3545 2295 3655 2369 usi

603 2438 852 2489 sumus
915 2414 1258 2513 Magistro
1277 2473 1299 2505 ,
1371 2414 1446 2489 in
1509 2414 1720 2490 rebus
1783 2416 1876 2491 ad
1939 2416 2342 2516 religionem
2416 2413 2889 2514 spectantibus
2910 2472 2929 2503 ,
2999 2414 3351 2489 carissimo
3418 2423 3655 2489 nostro

605 2532 1212 2609 Wonrnannnxro
1233 2593 1252 2624 ,
1321 2535 1436 2609 cui
1493 2534 1874 2633 plurimum
1945 2559 2070 2611 nos
2140 2535 2393 2612 debere
2458 2543 2656 2634 grato
2722 2534 2954 2610 animo
3019 2536 3248 2637 palam
3293 2541 3651 2613 testamur.

600 2654 854 2751 Neque
913 2679 1000 2729 ex
1055 2680 1214 2730 mea
1259 2662 1574 2743 tantum,
1643 2680 1878 2731 verum
1939 2658 2151 2731 etiam
2201 2681 2286 2731 ex
2335 2656 2421 2730 cl.
2479 2656 2883 2731 Romnum
2908 2716 2927 2744 ‚
2999 2655 3322 2755 Collegae
3368 2656 3653 2731 coniun-

601 2774 896 2848 ctissimi
915 2832 936 2863 ,
1006 2798 1215 2873 quem
1276 2775 1574 2875 graviter
1619 2782 1970 2875 aegrotare
1990 2832 2009 2864 ,
2076 2786 2286 2875 atque
2331 2776 2510 2852 banc
2556 2775 2647 2851 ob
2688 2798 2968 2851 causam
3010 2776 3253 2852 abesse
3296 2775 3610 2851 dolemus
3634 2836 3653 2864 ,

601 2893 948 2969 sententia
991 2894 1262 2971 locutus
1311 2903 1420 2971 est
1463 2897 1934 2995 praecedentis
1974 2898 2139 2973 anni
2192 2899 2466 2973 Rector.
2542 2896 2977 2971 Noveramus
3020 2897 3208 2971 enim
3253 2922 3390 2971 non
3432 2897 3655 2996 pulcri

599 3016 847 3104 modo,
899 3016 1023 3090 sed
1065 3024 1137 3090 et
1177 3015 1319 3092 veri
1363 3015 1668 3116 bonique
1688 3076 1709 3107 ,
1763 3043 1904 3119 quo
1947 3019 2264 3094 imbutus
2312 3043 2422 3107 es,
2474 3041 2778 3093 sensum.
2852 3019 3285 3094 Noveramus
3334 3017 3653 3092 humani-

601 3141 820 3210 tatem
862 3145 1059 3212 tuam
1075 3195 1096 3226 ,
1145 3137 1556 3214 modestiam
1580 3195 1599 3226 ,
1649 3138 1864 3214 animi
1898 3141 2264 3215 candorem
2285 3198 2307 3228 ,
2343 3137 2879 3213 moderationem
2900 3197 2919 3226 ,
2960 3137 3309 3212 doctrinae
3352 3137 3653 3236 denique

599 3257 912 3356 copiam,
949 3258 1172 3354 ‚libris
1192 3318 1211 3346 ,
1281 3285 1458 3358 quos
1501 3259 2004 3358 conscripsisti,
2071 3259 2368 3358 egregiis
2425 3258 2706 3333 abunde
2770 3258 3153 3357 probatam.
3252 3257 3405 3332 Nec
3453 3281 3609 3356 spes
3630 3315 3649 3344 ,

599 3403 814 3477 quam
875 3379 964 3453 de
1011 3387 1082 3455 te
1123 3380 1604 3479 concepimus,
1669 3403 1797 3454 nos
1861 3379 2120 3454 fefellit.
2219 3379 2409 3454 Nam
2452 3378 2757 3453 oratione
2808 3386 2929 3452 tua
2973 3375 3363 3476 inaugurali
3381 3434 3403 3464 ,
3472 3401 3651 3476 quae

597 3508 754 3573 tum
807 3500 1202 3598 arg‘umenti
1247 3501 1550 3599 pondere
1591 3507 1660 3574 et
1701 3500 2036 3599 gravitate
2054 3557 2074 3588 ,
2125 3506 2278 3574 tum
2321 3499 2685 3574 verborum
2727 3498 3071 3598 elegantia
3112 3507 3530 3597 'magnopere
3576 3523 3650 3573 se

595 3617 1111 3694 commendavit
1133 3677 1154 3707 ‚
1219 3621 1675 3719 omniumque
1735 3619 2076 3720 applausu
2131 3627 2410 3722 accepta
2470 3626 2617 3708 est,
2680 3620 3009 3694 continuo
3058 3643 3383 3718 magnam
3437 3617 3527 3692 (16
3580 3627 3651 3692 te

597 3739 1148 3837 exceptationem
1209 3739 1502 3831 dedisti,
1571 3753 1829 3840 tuaque
1885 3740 2316 3816 consuetudo
2382 3761 2463 3815 ac
2520 3740 2948 3816 familiaritas
2982 3765 3139 3816 ·nos
3184 3739 3326 3815 iam
3374 3739 3649 3826 docuit,

599 3859 694 3932 dc
739 3857 993 3934 studiis
1039 3859 1183 3932 tuis
1231 3859 1680 3960 moribusque
1725 3885 1876 3936 vere
1917 3859 2308 3960 praedicata
2347 3885 2533 3950 esse,
2584 3885 2763 3958 quae
2813 3860 2904 3936 ad
2944 3868 3211 3936 nostras
3255 3885 3455 3934 aures
3492 3885 3647 3959 per·

603 3987 952 4054 venerant.
1057 3979 1506 4054 Gratulamur
1549 3979 1770 4079 igitur
1819 3979 1950 4052 tibi
2001 4005 2084 4054 ex
2131 3979 2364 4055 animo
2410 3980 2499 4053 de
2548 3979 2803 4054 honore
2854 3981 2929 4053 in
2972 3989 3039 4054 te
3083 3980 3330 4055 collato
3349 4037 3369 4067 ,
3420 3979 3647 4077 deque

598 4123 892 4174 munere
935 4125 978 4173 a
1023 4108 1098 4172 te
1138 4107 1477 4197 suscepto.
1578 4101 1728 4173 Nec
1771 4099 1902 4173 tibi
1945 4108 2220 4174 tantum
2265 4099 2735 4197 gratulamur,
2786 4099 2911 4172 sed
2950 4109 3021 4174 et
3060 4099 3407 4173 nobismet
3438 4098 3643 4196 ipsis,

596 4231 813 4318 atque
856 4217 1274 4294 Academiae
1309 4225 1608 4294 nostrae.
1709 4219 1858 4292 Nos
1909 4241 2048 4293 non
2100 4218 2573 4292 desideramus
2616 4218 2957 4293 amicitiae
3004 4226 3167 4292 tuae
3220 4216 3641 4312 testificatio·
3746 4292 3757 4306 ,

599 4363 764 4414 nem
780 4397 800 4428 ,
849 4363 1078 4438 neque
1119 4347 1199 4413 tu
1247 4349 1542 4416 nostrae.
1641 4338 1902 4414 Iisdem
1945 4339 2134 4414 enim
2176 4339 2316 4414 iam
2362 4336 2579 4412 animi
2622 4336 2941 4412 sensibus
2994 4336 3381 4434 studiisque
3424 4335 3643 4409 iuncti

597 4483 880 4548 sumus,
929 4460 1007 4534 id
1059 4459 1259 4534 unice
1313 4463 1702 4568 spectantes
1746 4466 1956 4557 atque
1997 4466 2322 4558 optantes
2343 4515 2362 4546 ,
2414 4463 2495 4530 ut
2546 4457 2935 4530 communis
2974 4463 3207 4530 nostra
3248 4477 3455 4553 opera
3490 4461 3677 4529 ten--

599 4581 724 4656 dat
791 4581 882 4655 ad
943 4581 1362 4656 Academiae
1424 4590 1698 4655 nostrae
1769 4579 2234 4656 celebritatem
2257 4635 2276 4668 ,
2344 4601 2711 4676 veramque
2778 4576 3137 4651 Societatis
3211 4576 3643 4653 Christianae

595 4701 898 4775 salutem
946 4700 1340 4803 augendam
1387 4709 1464 4774 et
1508 4700 2088 4799 amplificandam.

695 4819 840 4894 Sed
886 4821 961 4894 in
1011 4819 1171 4896 fatis
1218 4819 1641 4897 Academiae
1683 4819 2082 4895 enarrandis
2127 4819 2216 4894 de
2277 4821 2545 4895 Civibus
2594 4816 2745 4894 eius
2790 4815 3003 4894 etiam
3048 4815 3221 4892 mihi
3260 4824 3366 4892 est
3404 4815 3636 4892 dicen·
