4766 6034
3969 524 4002 567 0

1151 621 1282 685 286
2354 620 2426 685 E.
2495 619 2552 687 J.
2619 616 2996 696 KIEHL,

1150 826 1625 903 difficultatem
1684 826 1969 924 praebet
2018 825 2325 925 aliquam
2372 833 2445 901 et
2505 825 2928 902 difficultatis
2995 821 3390 922 opinionem
3435 822 3660 898 multo
3705 825 3920 901 etiam
3963 827 4172 902 maio-

1147 970 1316 1023 rem.
1414 946 1628 1020 Porro
1646 1003 1669 1034 ‚
1724 946 2069 1045 quidquid
2129 946 2466 1021 faciamus
2482 1004 2504 1035 ,
2559 945 2690 1021 hoc
2731 947 2873 1021 fere
2919 952 3188 1020 eertum
3247 950 3356 1019 est
3373 1000 3394 1032 ,
3443 950 3927 1021 extraneorum
3973 971 4172 1023 num·

1147 1090 1361 1165 quam
1428 1066 1565 1141 nisi
1638 1065 2093 1164 paucissimos
2155 1064 2375 1140 nostri
2443 1064 2778 1138 sermonis
2838 1062 3162 1138 notitiam
3223 1060 3362 1136 sibi
3421 1071 3958 1163 comparaturus.
4055 1066 4175 1141 Sin

1145 1185 1363 1284 igitur
1410 1210 1571 1259 cum
1619 1185 1959 1260 extraneis
2008 1186 2231 1260 vivere
2280 1184 2643 1284 cupimus,
2693 1188 2778 1258 ut
2825 1182 3198 1257 vivendum
3247 1188 3394 1272 est,
3439 1182 3646 1257 nobis
3691 1183 4002 1282 ipsorum
4049 1184 4174 1259 lin-
4311 1226 4322 1244 ·

1147 1328 1329 1403 guae
1388 1304 1847 1381 addiscendae
1898 1313 2106 1394 sunt,
2170 1312 2242 1380 et
2294 1304 2396 1379 ita
2452 1329 2614 1379 cum
2661 1301 2832 1402 ipsis
2875 1300 3130 1401 poterit
3181 1302 3694 1379 com‘munieari.
3796 1302 3950 1377 Nos
3993 1303 4172 1377 enim

1142 1423 1594 1522 paucissimos
1642 1432 1713 1498 et
1764 1424 1907 1499 fere
1958 1425 2309 1524 neglectos
2352 1423 2645 1522 cingunt
2688 1430 2760 1497 et
2809 1428 3140 1522 premunt
3185 1428 3430 1521 gentes
3481 1428 3621 1497 tres
3659 1422 4172 1522 potentissimae

1142 1551 1215 1616 et
1278 1543 1353 1617 in
1422 1544 1570 1618 dies
1631 1543 1773 1619 fere
1839 1544 2258 1644 potentiores
2276 1603 2297 1634 ‚
2362 1551 2435 1618 et
2500 1542 2848 1643 quidquid
2900 1540 3403 1617 humanitatem
3457 1542 3870 1641 cultumque
3917 1542 4174 1642 ingenii

1138 1670 1532 1761 promovet,
1596 1663 1673 1738 id
1733 1663 1875 1738 fere
1922 1688 2045 1763 per
2086 1689 2203 1739 eas
2246 1670 2491 1763 gentes
2537 1664 2773 1763 agitur
2787 1720 2809 1752 ,
2858 1686 3039 1762 quae
3077 1661 3280 1737 nobis
3321 1661 3521 1737 facile
3561 1670 3876 1753 careant,
3921 1662 4172 1763 quibus

1138 1806 1265 1857 nos
1322 1808 1548 1859 carere
1597 1807 1740 1859 non
1786 1808 2177 1883 possumus.
2278 1783 2689 1858 Carebimus
2750 1789 2988 1857 autem
3047 1806 3132 1857 eo
3177 1781 3452 1871 minus,
3517 1782 3710 1880 quod
3757 1782 3888 1858 hoc
3935 1782 4168 1859 effece-

1136 1910 1303 1975 runt
1366 1904 1587 1977 nostri
1650 1903 1981 2002 temporis
2044 1903 2584 2002 praeclarissima
2641 1902 2953 1992 inventa,
3019 1907 3102 1977 ut
3151 1926 3232 1977 ea
3287 1902 3434 1977 fere
3489 1902 3725 1977 omnia
3777 1908 4134 1977 manerent
4148 1960 4168 1990 ,

1134 2021 1395 2117 quibus
1438 2045 1693 2121 magna
1739 2021 2029 2120 imperia
2070 2022 2299 2121 parvis
2344 2028 2733 2121 praestant,
2782 2022 2956 2097 dum
2997 2021 3538 2122 propinquitatis
3579 2021 3948 2098 commoda
3985 2022 4168 2098 haud

1134 2164 1380 2237 parum
1444 2140 1817 2215 imminuta
1890 2141 2067 2230 sint,
2137 2142 2310 2217 dum
2378 2143 2760 2241 spatiorum
2813 2142 3172 2217 diversitas
3229 2150 3302 2217 et
3361 2142 3684 2217 remotior
3739 2142 3920 2243 situs
3974 2142 4168 2240 longe

1130 2259 1367 2335 minus
1398 2286 1635 2359 ⁴quam
1679 2284 1904 2360 nuper
1946 2261 2145 2336 affert
2188 2262 2690 2361 impedimenti.
2789 2262 2984 2352 Quae
3033 2286 3195 2337 cum
3245 2260 3347 2336 ita
3393 2268 3598 2350 sunt,
3632 2261 3786 2335 ’1100
3825 2261 3968 2337 fere
4015 2284 4166 2336 con·

1127 2378 1411 2455 tendere
1454 2380 1727 2469 licebit,
1766 2381 2107 2480 populum
2151 2390 2470 2456 nostrum
2513 2406 2652 2461 non
2693 2404 2896 2480 posse
2912 2372 2918 2379 ⁵
2933 2380 3236 2480 amplius
3275 2380 3566 2456 alicuius
3601 2404 3754 2455 esse
3791 2379 4163 2467 momenti,

1128 2498 1203 2573 ni
1254 2486 1693 2574 humaniores
1744 2499 1837 2575 ad
1888 2525 2111 2575 unum
2156 2526 2399 2576 omnes
2463 2524 2818 2576 sermones
2878 2486 3256 2599 Anglicum
3277 2556 3299 2588 ,
3357 2498 3744 2587 Gallicum,
3807 2498 4163 2573 Germani·

1126 2643 1288 2691 cum
1340 2618 1507 2692 satis
1565 2626 1927 2693 teneamus
1943 2677 1963 2708 ,
2014 2643 2243 2719 neque
2287 2619 2420 2695 hoc
2481 2620 2657 2695 effici
2702 2618 2958 2720 poterit
2977 2676 2998 2708 ,
3045 2626 3128 2693 ut
3191 2618 3334 2693 iam
3395 2618 3770 2718 001001ςο0
3831 2617 3964 2693 erit
3996 2613 4164 2716 1101·

1134 2736 1453 2834 spicuam
1473 2796 1493 2825 ,
1550 2738 1687 2811 nisi
1732 2762 2057 2838 magnam
2112 2748 2381 2839 partem
2427 2739 2885 2815 institutionis
2929 2740 3030 2815 sic
3084 2739 3467 2815 habeamus
3511 2745 3982 2839 comparatam
3999 2797 4022 2830 ,
4069 2739 4168 2813 uti

1131 2856 1513 2931 litterarum
1576 2857 1969 2956 cognitione
2028 2859 2292 2934 nitatur
2336 2861 2542 2959 eique
2594 2860 2890 2936 insistat.
2989 2858 3148 2935 Hac
3196 2858 3484 2935 demum
3527 2866 3806 2934 utentes
3855 2858 3936 2931 id
3983 2864 4166 2957 pote·

1126 2983 1293 3050 runt
1364 2974 1675 3052 obtinere
1746 2978 2028 3054 iuvenes
2094 2980 2351 3071 nostri,
2416 2980 2674 3080 quibus
2737 2980 3021 3057 omnino
3083 3004 3260 3080 opus
3325 2988 3462 3068 est;
3523 2986 3608 3056 ut
3665 2977 3926 3054 scilicet
3975 2976 4168 3053 nobis

1130 3120 1407 3194 quoque
1466 3097 1903 3174 innotescant
1958 3100 2297 3175 nobiliora
2356 3100 2707 3200 quaelibet
2723 3159 2744 3189 ,
2816 3125 2996 3201 quae
3055 3101 3238 3174 fiunt
3284 3125 3330 3175 a
3373 3099 3703 3200 gentibus
3761 3103 3938 3197 quas
3991 3097 4163 3174 exci-

1124 3215 1304 3304 tavi,
1356 3223 1437 3290 ut
1480 3240 1619 3291 non
1666 3218 1891 3317 possit
1931 3218 2007 3292 in
2056 3221 2203 3295 ulla
2252 3221 2604 3297 doctrinae
2649 3220 2990 3295 artiumve
3036 3228 3232 3320 parte
3249 3277 3271 3308 ,
3311 3219 3422 3294 vel
3465 3218 3902 3294 inventorum
3949 3217 4162 3317 quod·

1124 3358 1337 3432 quam
1401 3359 1622 3432 genus
1643 3394 1662 3424 ,
1721 3337 1829 3412 vel
1889 3361 2065 3412 nova
2130 3339 2383 3437 placita
2403 3397 2424 3430 ‚
2487 3359 2667 3438 quae
2733 3339 3022 3439 quidem
3081 3345 3470 3414 memoratu
3533 3338 3750 3438 digna
3813 3344 4018 3426 sunt,
4067 3335 4162 3410 vel

1124 3450 1483 3549 opiniones
1530 3453 1797 3528 validae
1854 3454 2235 3552 multisque
2280 3480 2684 3532 communes
2727 3465 2852 3532 aut
2905 3457 3122 3532 animi
3169 3457 3388 3534 nostri
3429 3456 3886 3533 attentionem
3933 3455 4160 3531 fallere

1125 3577 1249 3643 aut
1296 3595 1533 3646 eorum
1590 3597 1837 3648 causae
1885 3599 2167 3673 prorsus
2216 3601 2259 3650 a
2308 3576 2512 3651 nobis
2555 3577 2878 3676 ignorari.
2976 3578 3130 3652 Iam
3189 3577 3376 3652 enim
3428 3586 3513 3652 ut
3569 3575 3756 3651 solus
3775 3633 3796 3664 ,
3847 3574 3956 3651 vel
4005 3597 4157 3650 cum

1124 3686 1598 3783 paucissimiS,
1647 3713 1855 3763 nemo
1906 3690 2276 3765 humanior
2320 3693 2446 3767 diu
2499 3691 2721 3767 vivere
2769 3695 3131 3770 commode
3171 3703 3439 3794 potest3
3492 3702 3574 3769 ut
3619 3695 3802 3770 solae
3849 3718 3980 3770 nec
4022 3695 4156 3768 sin·

1123 3805 1449 3902 gulorum
1515 3806 1847 3896 familiae,
1915 3830 2143 3907 neque
2192 3833 2402 3908 parva
2463 3811 3003 3888 necessariorum
3049 3837 3302 3889 manus
3321 3871 3344 3902 ,
3397 3814 3504 3889 vel
3559 3837 3778 3888 unum
3823 3811 4152 3913 oppidum

1126 3927 1257 3999 etsi
1319 3926 1957 4025 splendidissimum
2010 3937 2243 4029 potest
2289 3936 2518 4005 totum
2576 3939 2894 4006 nostrum
2940 3931 3254 4008 animum
3315 3932 3664 4008 continere
3715 3931 3922 4030 eique
3973 3933 4152 4007 suffi-

1122 4069 1275 4120 cere
1294 4103 1314 4134 ‚
1362 4045 1483 4146 „sic
1540 4070 1631 4120 ne
1700 4071 1841 4122 una
1907 4048 2191 4148 quidem
2252 4049 2680 4148 respublica3
2743 4075 2834 4125 ne
2877 4051 3062 4126 caeci
3103 4051 3358 4127 fiamus
3401 4061 3474 4128 et
3525 4052 3624 4126 nil
3675 4075 4042 4128 cernamus
4082 4051 4153 4126 in

1122 4173 1478 4263 posterum
1543 4165 1679 4240 nisi
1751 4167 2085 4266 proxima.
2129 4192 2448 4268 quaeque
2511 4193 2732 4270 eaque
2765 4170 3080 4246 confusa
3141 4193 3272 4248 nec
3331 4172 3500 4248 satis
3561 4177 3913 4260 accurata,
3976 4170 4153 4247 oculi

1122 4282 1333 4380 etiam
1378 4284 1451 4358 in
1506 4285 1871 4362 remotiora
1918 4288 2363 4363 convertendi
2421 4295 2588 4364 sunt
2605 4346 2628 4380 ‚
2691 4313 2912 4388 eaque
2977 4289 3375 4390 saepissime
3393 4347 3416 4381 ‚
3480 4291 3744 4390 diuque
3799 4297 3873 4366 et
3937 4290 4151 4366 amice

1120 4403 1669 4502 contemplanda.

1222 4521 1284 4594 E
1334 4521 1567 4596 studio
1617 4523 2001 4600 litterarum
2046 4525 2263 4626 igitur
2316 4527 2788 4627 proficiscatur
2829 4528 3286 4604 institutionis
3331 4553 3492 4629 pars
3537 4536 3612 4604 et
3663 4527 3831 4604 satis
3879 4529 4108 4628 ampla
4123 4580 4147 4620 ‚

1124 4648 1197 4712 et
1259 4640 1545 4715 maximi
1586 4643 1791 4742 pretii
1808 4701 1831 4734 ,
1878 4643 2187 4745 itemque
2230 4645 2600 4738 duratura,
2645 4648 2878 4746 quoad
2926 4649 3086 4726 licet
3131 4648 3220 4724 de
3259 4649 3468 4724 rebus
3513 4647 3838 4724 humanis
3877 4671 4144 4748 praesa-

1125 4757 1273 4854 gire
1320 4759 1607 4857 aliquid.
1703 4762 1837 4840 Illa
1884 4771 2123 4840 autem
2178 4765 2564 4844 litterarum
2619 4765 2853 4860 studia
2895 4769 3248 4868 quomodo
3299 4767 3742 4847 moderemur
3757 4823 3784 4862 ,
3825 4766 3934 4846 vel
3977 4789 4148 4865 qua·
