4766 6034
1793 634 2351 703 enarro.
3300 723 3303 728 Ι
3489 630 3617 697 ms

673 845 818 922 Vos
869 851 1104 922 autem
1149 844 1316 920 dum
1376 843 1728 943 alloquar,
1777 844 2332 922 adolescentulus
2386 867 2625 920 rursus
2671 841 2845 918 mihi
2888 840 3156 930 videor,
3209 839 3616 940 amplissimi

579 966 741 1054 viri,
779 965 1127 1040 Hnnalcn
1167 963 1213 1037 J
1216 986 1542 1052 onnmvs
1601 963 1801 1040 cuius
1827 971 2186 1054 strenuae,
2228 975 2299 1040 et
2351 963 2777 1051 indefessae,
2826 970 2899 1037 et
2946 987 3101 1036 vere
3153 961 3327 1036 virili
3368 959 3615 1036 rationi

579 1087 758 1162 vitae
825 1085 968 1162 fere
1030 1084 1322 1160 dixerim
1381 1072 1696 1174 invideo,
1751 1093 1822 1160 et
1871 1091 1952 1160 tu
1971 1138 1994 1178 ,
2059 1085 2262 1160 cuius
2325 1084 2617 1160 viridem
2678 1089 3105 1192 senectutem
3162 1080 3343 1156 soleo
3394 1079 3611 1155 admi·
3710 1095 3717 1104 ·

577 1206 712 1316 rari
729 1264 748 1295 ‚
815 1203 1338 1280 honoratissime
1399 1227 1544 1279 vau
1601 1205 1932 1279 Damus.
2047 1205 2236 1304 Quos
2293 1203 2665 1303 respiciens
2725 1211 2795 1277 et
2838 1202 3239 1302 praedicans
3284 1201 3615 1300 paucissi-

577 1326 714 1401 mis
763 1332 996 1401 tamen
1039 1324 1412 1400 absolvam.
1511 1323 1734 1400 Alteri
1783 1324 1970 1398 enim
2016 1330 2322 1398 vestrum
2366 1323 2581 1422 probe
2638 1323 2812 1411 scio,
2860 1347 3001 1397 non
3048 1322 3253 1396 verba
3300 1331 3369 1394 et
3419 1345 3614 1396 voces

577 1445 802 1544 magis
856 1446 1122 1545 placere
1144 1502 1165 1533 ,
1217 1468 1430 1544 quam
1483 1469 1624 1544 quo
1665 1444 1846 1520 facto
1893 1467 2070 1542 opus
2113 1452 2222 1518 est
2244 1501 2265 1532 ,
2315 1453 2387 1518 et
2430 1451 2509 1519 tu
2560 1443 2943 1518 venerande
2994 1467 3203 1518 senex
3246 1439 3446 1516 nobis
3484 1441 3613 1516 sal-

576 1573 720 1638 tem
764 1563 1032 1638 cunctis
1075 1563 1273 1640 avide
1320 1569 1388 1638 te
1436 1563 1884 1638 audientibus
1926 1587 2174 1664 parum
2223 1562 2463 1652 abest,
2514 1562 2687 1663 quin
2732 1564 3031 1639 nimium
3078 1587 3341 1638 memor
3388 1561 3611 1636 videa·

575 1683 672 1756 ris
719 1682 906 1758 illius
961 1709 1046 1757 ex
1097 1682 1556 1758 remotissima
1604 1677 2020 1808 antiquitate
2070 1683 2454 1784 praecepti,
2504 1685 2705 1782 quod-
2740 1684 3083 1782 loquelam
3128 1708 3287 1758 cum
3332 1689 3617 1780 argento

575 1803 968 1900 componit,
1039 1803 1164 1878 sed
1225 1827 1395 1879 auro
1449 1810 1686 1879 contra
1746 1799 1986 1879 carum
2055 1803 2263 1892 dicit,
2331 1803 2457 1903 qui
2508 1811 2731 1879 tacere
2796 1803 2988 1877 sciat.
3090 1803 3241 1876 Iam
3290 1801 3491 1876 liceat
3542 1809 3620 1874 ut

547 1947 732 2021 ‚mea
775 1921 922 1998 vice
962 1930 1032 1997 te
1075 1922 1300 1998 verbis
1343 1929 1416 1998 et
1461 1922 1772 2000 Ηοιιιιιιι
1819 1932 1890 1999 et
1934 1924 2078 1998 tuis
2119 1924 2541 2022 compellans
2590 1946 2967 1998 memorem
3010 1920 3259 1996 faciam
3294 1920 3443 1994 eius
3483 1915 3619 1996 τσῦ

577 2045 720 2119 καὶ
769 2042 920 2118 απὸ
965 2043 1310 2143 γλώσσης
1353 2043 1672 2138 μέλιτος
1717 2045 2055 2145 γλυκίων
2103 2045 2267 2142 ῥέεν
2313 2042 2567 2136 αυδὴ·
2527 2098 2559 2136 ,
2640 2044 3035 2154 contingat,
3086 2048 3167 2116 ut
3214 2048 3285 2116 te
3342 2065 3620 2140 quoque

575 2187 700 2262 per
745 2131 886 2238 tres
939 2162 1302 2238 hominum
1347 2171 1608 2240 aetates
1653 2165 1840 2242 salvo
1886 2173 1958 2240 et
2003 2163 2373 2264 superstite
2424 2165 2779 2240 laetemur.
2878 2162 3023 2238 Vos
3072 2161 3247 2236 mihi
3294 2168 3622 2261 uterque,

579 2281 748 2356 dum
797 2281 1068 2357 aderint
1122 2283 1334 2373 vires,
1400 2283 1572 2357 dum
1620 2284 1750 2359 erit
1799 2284 2148 2360 laudanda
2199 2283 2517 2358 voluntas
2538 2341 2559 2370 ,
2606 2282 2833 2358 favere
2851 2339 2872 2370 ,
2936 2289 3019 2356 ut
3064 2279 3327 2368 facitis,
3374 2305 3625 2380 meque

577 2400 904 2492 adiuvare
968 2402 1212 2478 velitis.
1409 2389 1413 2394 ’

676 2521 1218 2620 Disciplinarum
1265 2529 1726 2598 antecessores
1746 2581 1765 2612 ,
1815 2522 2116 2622 collegae
2161 2523 2302 2597 iam
2345 2516 2927 2594 coniunctissimi!
2982 2517 3289 2592 Ultimus
3328 2517 3402 2592 in
3438 2517 3620 2592 ordi-

577 2664 774 2714 nem·
811 2648 1116 2718 vestrum
1136 2699 1157 2730 ,
1229 2649 1455 2718 aetate
1525 2642 1738 2719 etiam
1803 2642 1944 2717 fere
1991 2641 2322 2718 minimus
2371 2640 2511 2715 huc
2556 2638 2848 2726 accessi,
2900 2638 3024 2712 sed
3075 2638 3147 2712 in
3191 2645 3415 2712 vestra
3458 2662 3619 2713 con·

442 2776 448 2782 ·
577 2761 930 2837 iunctione
1000 2769 1073 2839 et
1137 2763 1384 2839 aetatis
1403 2821 1426 2852 ,
1494 2770 1567 2839 et
1631 2763 2023 2838 studiorum
2040 2821 2061 2852 ,
2133 2769 2204 2838 et
2257 2760 2573 2837 omnium
2632 2783 2812 2859 quae
2864 2759 3341 2866 benevolentia
3386 2761 3623 2836 tollere

581 2887 812 2979 potest
875 2880 1242 2958 discrimen
1307 2883 1588 2958 evanuit
1608 2941 1628 2970 ,
1697 2890 1768 2957 et
1831 2889 1985 2956 tum
2044 2883 2330 2957 demum
2375 2905 2524 2956 sese
2570 2878 2875 2966 ostendit
2895 2916 2938 2966 ,1
2978 2902 3143 2953 cum
3206 2878 3393 2954 varia
3461 2879 3621 2955 doc·

578 3001 760 3075 trina
827 3008 900 3075 et
965 3001 1332 3102 multiplici
1399 2989 1786 3079 eruditione
1839 3026 1980 3078 non
2037 3002 2294 3079 erranti
2352 3001 2560 3077 modo
2614 3000 2900 3091 comiter
2952 2998 3349 3101 monstratis
3403 2999 3582 3077 viam
3603 3060 3623 3089 ,

523 3158 526 3163 ·
581 3119 706 3193 sed
753 3144 966 3195 novas
1011 3121 1220 3197 etiam
1271 3123 1414 3197 via's
1454 3121 1818 3197 ostenditis
1865 3129 1936 3196 et
1981 3148 2064 3197 ea
2107 3121 2332 3197 facitis
2383 3122 2591 3219 plana
2614 3176 2635 3208 ,
2686 3146 2865 3220 quae
2909 3121 3057 3195 sine
3098 3119 3355 3195 auxilio
3402 3128 3624 3195 vestro

584 3264 836 3339 rugosa
873 3240 1180 3321 ,fuissent
1230 3249 1302 3316 et
1346 3242 1554 3319 invia.
1657 3242 1870 3322 Quod
1913 3243 1988 3317 ni
2038 3243 2138 3325 ita
2191 3249 2374 3317 esset
2433 3250 2514 3317 ut
2558 3243 2779 3315 sentio
2799 3298 2819 3329 ,
2868 3265 2949 3315 ea
3002 3264 3231 3315 coram
3282 3247 3350 3313 te
3399 3240 3625 3313 dicere

581 3382 722 3435 non
770 3358 1187 3435 sustinerem
1207 3417 1228 3449 ,
1277 3360 1628 3437 carissime
1672 3384 1822 3436 van
1864 3384 2016 3437 nna
2068 3360 2505 3448 wamma«,
2555 3360 2679 3458 qui
2725 3360 2959 3435 fucata
2996 3358 3283 3458 quaevis
3318 3367 3389 3433 et
3426 3358 3621 3435 adul-

583 3484 800 3553 terata
847 3478 1098 3567 odisti,
1146 3472 1358 3578 quem
1404 3480 1478 3555 in
1529 3481 1680 3556 dies
1727 3481 1953 3581 magis
1999 3481 2252 3580 diligo,
2301 3494 2372 3555 et
2418 3503 2723 3578 quocum
2772 3482 2832 3555 si
2879 3480 3273 3567 consenti0,
3320 3480 3659 3577 multum⁸

583 3598 722 3672 iam
791 3598 1160 3731 profecisse
1219 3600 1395 3674 mihi
1451 3600 1722 3689 videor3
1789 3601 1918 3677 hoc
1979 3602 2166 3678 enim
2230 3600 2547 3701 quotidie
2594 3600 2819 3699 magis
2863 3599 3177 3699 intelligo
3195 3657 3214 3687 ‚
3278 3609 3623 3698 quantum

583 3716 863 3815 ingenio
927 3717 1152 3793 valeas
1211 3728 1282 3793 et
1328 3720 1700 3818 tranquillo
1747 3720 2043 3819 utilique
2093 3722 2271 3797 vitae
2323 3726 2485 3795 tuae
2540 3744 2789 3807 cursu,
2836 3743 3065 3819 neque
3107 3718 3341 3795 omnia
3382 3719 3626 3819 opinor

583 3838 1011 3935 perspecturi
1079 3862 1322 3915 sumus
1393 3849 1466 3915 et
1534 3841 1843 3929 sensuri,
1915 3841 2194 3941 qualem
2246 3849 2316 3915 te
2374 3840 2789 3929 habeamuS,
2856 3840 2991 3916 nisi
3040 3864 3201 3915 cum
3252 3839 3623 3984 aliquando

589 3966 660 4031 te
707 3956 1084 4031 carendum
1131 3958 1286 4033 erit.-
2345 3974 2353 3980 “

686 4076 877 4163 Nos,
926 4075 1186 4175 optime
1232 4100 1382 4159 vau
1428 4077 1542 4151 V1
1543 4102 1776 4169 ormv,
1825 4105 1908 4157 eo
1945 4081 2202 4180 oppido
2253 4104 2607 4170 caremuS,
2674 4079 2862 4180 quod
2908 4079 3081 4155 mihi
3132 4078 3375 4153 saltem
3418 4080 3617 4176 quasi

491 4209 501 4287 ζ
586 4192 802 4269 altera
841 4195 1064 4294 patria
1099 4195 1272 4286 fuit,
1323 4207 1396 4272 et
1432 4197 1508 4273 in
1549 4199 1750 4275 cuius
1787 4199 2138 4276 beneficiis
2179 4225 2447 4300 semper
2485 4199 2799 4277 recensui
2834 4197 3026 4333 quod
3057 4196 3349 4273 retinere
3380 4196 3616 4287 licuit,

591 4323 672 4387 ut
725 4322 794 4389 te
843 4316 1280 4413 cognoverim
1323 4325 1584 4417 tuaque
1631 4326 1860 4395 uterer
1908 4320 2431 4397 consuetudine.
2533 4322 2643 4395 Τιι
2683 4318 2858 4395 mihi
2900 4318 2975 4392 in
3013 4324 3365 4453 posterum
3408 4317 3619 4393 etiam

589 4457 822 4522 serva,
896 4459 1109 4533 quam
1179 4438 1486 4513 ostendis
1562 4438 2148 4529 benevolentiam,
2219 4438 2358 4513 frui
2418 4449 2705 4539 pergam
2772 4438 3039 4539 ingenii
3101 4436 3421 4512 acumine
3476 4462 3618 4537 quo

589 4552 954 4651 splendes,
1017 4565 1090 4629 et
1149 4556 1268 4633 illa
1325 4533 1705 4657 multiplici
1736 4568 1860 4635 tua
1896 4567 1984 4634 et
2029 4544 2332 4659 eleganti
2373 4559 2760 4635 eruditione
2812 4582 2991 4658 quae
3042 4555 3257 4657 probe
3314 4563 3502 4630 tenet
3547 4564 3619 4629 et

586 4650 1028 4748 iamdudum
1063 4676 1371 4753 exercuit
1433 4678 1880 4755 Hssmnzun
1931 4677 2144 4766 illud,
2209 4680 2539 4778 γείτονες
2588 4679 2949 4771 ἄζωστοι.
2972 4678 3214 4769 ἔκιον,
3266 4678 3617 4768 ζώσαντο

527 4826 534 4833 ·
590 4788 680 4869 δὲ
727 4796 930 4883 πηοί.
