4766 6034
1894 626 2448 695 ORATIO.
3161 658 3172 667 κ
3555 630 3682 693 279

648 832 1051 909 memoriam
1068 890 1089 920 ,
1139 856 1353 931 quam
1397 831 1759 931 splendida
1798 834 2153 933 utrimque
2206 834 2488 933 ingenia
2533 833 3152 935 propugnaverint‚
3210 857 3426 933 quam
3473 832 3692 908 nobili

648 953 857 1029 turba
912 958 1365 1041 sectatorum3
1408 952 1661 1027 deinde
1706 958 1789 1027 ut
1818 953 1963 1029 hoc
2010 955 2221 1029 etiam
2262 952 2737 1041 recordemur,
2777 953 2976 1028 finito
3019 954 3390 1029 certamine
3432 953 3684 1027 utrius·-

644 1097 781 1169 que
834 1073 1051 1171 partis
1104 1081 1179 1147 et
1234 1072 1445 1147 duces
1490 1078 1561 1145 et
1604 1072 1857 1149 milites
1906 1074 2231 1149 omnibus
2282 1072 2684 1147 nominibus
2731 1074 2953 1149 multo
3014 1073 3420 1149 excultiores
3467 1072 3685 1148 fuisse

643 1216 856 1289 quam
899 1201 1121 1268 antea.
1222 1191 1781 1290 Elegantioribus
1824 1200 2063 1269 contra
2094 1196 2544 1269 Dnslnmuos
2582 1193 2704 1267 ille
2732 1194 3083 1269 Eaasuos
3119 1193 3683 1275 annumerandus

640 1320 747 1385 est
767 1370 787 1399 ,
858 1336 1087 1409 neque
1156 1311 1231 1385 hi
1296 1311 1551 1387 frustra
1609 1312 1857 1389 vixere.
1972 1314 2255 1387 Novum
2322 1312 2598 1410 utrique
2658 1312 3055 1411 ingenium,
3105 1337 3350 1387 novam
3417 1313 3639 1387 lucem
3663 1372 3682 1399 ,

642 1431 927 1505 alteram
976 1430 1177 1529 quasi
1232 1431 1443 1509 vitam
1496 1430 1649 1505 orbi
1694 1438 2033 1507 terrarum
2084 1431 2539 1520 instillarunt,
2589 1440 2662 1504 et
2706 1432 3026 1506 invenere
3069 1432 3460 1507 felicissima
3506 1440 3680 1506 tem·

642 1574 807 1649 pora
825 1609 845 1640 ‚
897 1550 1157 1625 scilicet
1214 1550 1423 1623 simul
1468 1549 1611 1625 fere
1658 1550 1761 1625 vis
1811 1551 2174 1625 hominum
2220 1552 2293 1625 in
2341 1551 2565 1649 ipsam
2613 1575 2842 1625 rerum
2893 1560 3212 1627 naturam
3233 1609 3253 1640 ,
3305 1576 3680 1651 eorumque

640 1669 887 1745 notitia
948 1678 1097 1745 tum
1159 1670 1351 1769 globi
1412 1670 1786 1759 terrestris,
1838 1672 1993 1745 tuni
2052 1694 2286 1745 rerum
2332 1670 2891 1768 quotidianarum
2958 1671 3242 1745 mirifice
3295 1672 3681 1771 augebatur

640 1790 851 1865 simul
904 1814 1063 1865 cum
1126 1788 1395 1888 ingenii
1448 1789 1663 1865 cultu.
1762 1789 1941 1865 Inde
1998 1790 2301 1878 factum,
2366 1799 2450 1862 ut
2493 1788 2634 1863 iam
2687 1813 2910 1877 nunc,
2957 1788 3182 1893 tribus
3229 1791 3336 1864 vel
3382 1798 3682 1889 quatuor
3809 1821 3818 1831 ·

640 1909 966 1998 saeculis,
1018 1910 1375 1984 hominum
1432 1909 1829 1985 communio
1881 1917 1955 1983 et
2010 1910 2297 1985 societas
2348 1933 2489 1985 non
2537 1907 2629 1984 ad
2678 1908 2980 1983 eundem
3033 1909 3240 1983 modo
3297 1934 3456 1984 cum
3502 1912 3677 1985 auti-

640 2028 906 2126 quitate
981 2029 1277 2128 gradum
1354 2028 1822 2126 pervenerint,
1896 2028 2019 2104 sed
2085 2028 2404 2127 plurimis
2483 2028 2708 2126 iisque
2775 2027 3197 2127 gravissimis
3283 2028 3682 2105 nominibus

639 2173 847 2247 supra
891 2147 1091 2223 illum
1132 2148 1497 2223 emineant.
3269 2148 3276 2154 ’

735 2268 947 2347 Quod
1013 2269 1245 2367 ipsum
1317 2269 1389 2343 in
1468 2268 1693 2343 causis
1758 2276 1903 2357 est,
1968 2292 2093 2343 cur
2126 2267 2291 2342 -iam
2339 2291 2528 2341 nunc
2574 2268 2918 2365 permulta
2959 2268 3098 2341 sint
3141 2276 3429 2344 mutata.
3531 2271 3682 2343 Nos

632 2385 773 2459 iam
823 2410 904 2459 eo
953 2386 1391 2483 pervenimus
1414 2444 1435 2475 ,
1484 2394 1568 2459 ut
1618 2384 2105 2484 antiquitatem
2158 2386 2418 2484 ubique
2464 2384 2607 2459 fere
2659 2410 3102 2485 superemus,
3151 2396 3222 2460 et
3266 2388 3680 2485 paucissima

630 2504 747 2577 illa
767 2561 787 2592 ‚
858 2504 1117 2603 quibus
1180 2529 1263 2579 ea
1319 2511 1623 2602 praestat
1679 2506 2115 2595 etiamnunc,
2186 2504 2428 2580 multis
2484 2512 3051 2603 compensantur,
3117 2531 3296 2604 quae
3343 2514 3678 2581 «nostrum

630 2647 879 2698 aevum
942 2624 1287 2701 decorant.
1404 2625 1479 2698 A
1536 2624 1769 2699 medio
1830 2650 1997 2701 aevo
2050 2625 2315 2700 litterae
2366 2626 2670 2701 Graecae
2734 2631 2808 2699 et
2852 2625 3207 2700 Romanae
3223 2683 3243 2714 ,
3306 2649 3447 2699 non
3495 2627 3678 2701 solae

575 2765 589 2769 “
632 2742 920 2841 quidem
982 2742 1107 2818 sed
1166 2743 1469 2819 maxima
1514 2768 1601 2819 ex
1646 2750 1841 2843 parte
1858 2802 1881 2834 ,
1932 2770 2059 2819 nos
2110 2745 2499 2820 liberarunt
2555 2750 2626 2819 et
2674 2743 3005 2843 eripuere.
3108 2744 3318 2822 Quod
3365 2744 3498 2844 ipsi
3539 2769 3676 2819 non

631 2862 1089 2967 valuissemus
1160 2869 1242 2937 ut
1298 2862 1626 2952 oriretur,
1693 2862 1859 2945 inde
1916 2874 2165 2940 natum
2215 2872 2355 2955 est,
2429 2864 2696 2939 litterae
2747 2863 3156 2939 recentiores
3174 2921 3195 2953 ,
3261 2888 3440 2963 quae
3491 2889 3680 2940 nunc

630 2982 977 3081 permulta
1042 2983 1183 3059 iam
1248 2983 1465 3058 tulere
1531 2978 1736 3083 longe
1800 2984 2141 3083 paratiora
2204 2984 2297 3060 ad
2355 3008 2600 3072 usum,
2655 2990 2729 3058 et
2775 3007 3066 3060 numero
3112 2984 3334 3060 multo
3383 2985 3638 3062 maiore
3657 3043 3678 3073 ,
3734 3035 3742 3042 -

629 3126 757 3177 nec
820 3100 1049 3200 multo
1115 3102 1377 3176 minore
1448 3103 1908 3201 praestantia,
1984 3129 2197 3202 quam
2255 3105 2372 3179 illa
2427 3105 2714 3202 antiqua
2765 3111 2950 3179 sunt.
3068 3105 3220 3178 Iam
3265 3129 3401 3180 non
3450 3106 3676 3192 deest,
3770 3134 3779 3142 ·

629 3221 984 3296 interdum
1042 3221 1147 3295 vel
1192 3221 1445 3320 premit
1494 3222 1691 3321 copia
1742 3223 2077 3298 librorum
2097 3282 2117 3313 ,
2164 3224 2241 3298 id
2302 3231 2410 3298 est
2469 3223 2820 3299 doctrinae
2875 3224 3190 3299 omnium
3209 3283 3230 3313 ,
3299 3225 3678 3323 unicuique

630 3341 868 3416 statim
931 3349 1232 3453 paratae.
1332 3341 1483 3415 Iam
1532 3341 1879 3429 libertate,
1932 3368 2073 3418 non
2121 3342 2337 3417 nimia
2382 3342 2704 3440 quidem,
2761 3344 2882 3417 sed
2940 3344 3131 3441 quali
3172 3345 3479 3419 contenti
3527 3369 3676 3419 esse

628 3483 1001 3560 possumus
1024 3517 1045 3547 ,
1094 3458 1569 3534 nobilissimus
1616 3460 1913 3560 quisque
1963 3463 2071 3536 uti
2112 3469 2361 3562 potest.
2461 3462 2784 3560 Cogitate
2802 3520 2823 3550 ,
2874 3487 3040 3560 ergo
3085 3487 3236 3538 esse
3282 3464 3424 3538 iam
3473 3464 3672 3554 licet,

629 3581 801 3678 quin
860 3581 1077 3654 immo
1128 3578 1438 3654 modeste
1491 3585 1563 3653 et
1618 3580 1921 3656 humane
1969 3581 2200 3679 eloqui
2240 3580 2625 3679 quaelibet,
2675 3605 2902 3680 neque
2947 3583 3452 3671 excluduntur,
3495 3609 3676 3682 quae

629 3726 672 3775 a
718 3699 1061 3775 modestia
1106 3697 1651 3774 et'humanitate
1716 3699 1825 3774 vel
1864 3699 2281 3776 alienissima
2326 3709 2512 3776 sunt.
2611 3701 2788 3775 Inde
2847 3710 3093 3778 natum
3157 3713 3297 3793 est,
3357 3711 3436 3777 ut
3497 3704 3676 3780 duae

626 3821 769 3894 iam
826 3843 937 3894 res
1000 3817 1254 3893 nostris
1324 3818 1755 3918 temporibus
1824 3819 2226 3918 gravissime
2304 3819 2619 3894 homines
2683 3831 3176 3899 commoveant.
3295 3823 3674 3897 Commode

630 3938 855 4012 vivere
912 3937 1064 4012 vult
1110 3936 1593 4036 unusquisque
1611 3994 1633 4026 ,
1689 3945 1759 4012 et
1806 3939 2167 4014 commode
2210 3940 2393 4039 regi,
2434 3940 2541 4014 vel
2581 3946 2662 4014 ut
2699 3941 3004 4040 apertius
3046 3942 3272 4016 dicam
3290 3999 3310 4030 ,
3359 3941 3490 4014 hoc
3531 3941 3670 4015 iam

630 4059 1039 4156 requirunt,
1104 4064 1187 4132 ut
1248 4065 1401 4132 tum
1464 4059 1539 4133 in
1602 4057 1743 4134 vita
1795 4059 2197 4156 quotidiana
2249 4059 2613 4134 facultates
2664 4083 2830 4135 suas
2883 4061 3342 4159 amplificent,
3403 4069 3474 4134 et
3529 4061 3669 4133 sive

628 4179 817 4275 ipsas
882 4177 1355 4277 adipiscantur
1420 4178 1736 4268 divitias,
1800 4179 1943 4254 sive
2008 4203 2125 4268 ea,
2176 4201 2482 4278 quorum
2529 4203 2737 4254 causa
2788 4178 3037 4253 divites
3083 4201 3233 4254 esse
3289 4179 3665 4266 voluerint3

631 4294 885 4370 deinde
944 4297 1275 4395 cupiunt,
1334 4307 1417 4374 ut
1472 4296 1699 4374 maius
1736 4298 1859 4373 fiat
1904 4298 2213 4397 ipsorum
2265 4305 2698 4372 momentum
2745 4297 2820 4372 in
2873 4298 3419 4373 administranda
3463 4323 3665 4397 repu-

630 4415 831 4490 blica.
941 4416 1135 4494 Quin
1181 4416 1397 4492 immo
1439 4416 1623 4493 bona
1663 4441 1821 4516 pars
1862 4442 1945 4492 eo
1988 4417 2295 4517 procedit
2312 4473 2339 4510 ,¹
2378 4425 2458 4491 ut
2495 4416 2764 4492 cultum
2801 4417 3018 4492 animi
3053 4441 3194 4490 non
3232 4418 3406 4492 adeo
3455 4441 3662 4515 quae-

631 4543 777 4622 rat,
834 4559 1047 4634 quam
1102 4536 1203 4610 rei
1253 4536 1669 4612 domesticae
1713 4537 1952 4611 florem
1966 4595 1987 4625 ,
2038 4542 2110 4610 et
2158 4542 2240 4610 ut
2283 4537 2470 4635 leges
2513 4535 2792 4612 sibimet
2839 4537 3167 4611 constitui
3213 4537 3482 4636 flagitet
3522 4561 3686 4620 non,

632 4654 805 4729 adeo
868 4655 1087 4734 bonas
1154 4680 1365 4755 quam
1432 4681 1615 4732 suas.
1735 4655 1877 4731 Sed
1940 4655 2393 4743 criminandi,
2457 4649 2729 4730 etiamsi
2788 4680 2940 4732 vere
3003 4657 3201 4732 fieret
3219 4714 3240 4746 ,
3295 4679 3422 4730 nec
3471 4656 3662 4730 locus

588 4761 819 4850 ‘nunc
890 4783 999 4850 est
1058 4801 1289 4875 neque
1346 4800 1573 4857 causa.
1689 4775 1777 4851 Id
1838 4799 2061 4854 unum
2124 4776 2297 4852 mihi
2354 4775 2599 4852 datum
2645 4776 2798 4853 volo
2815 4835 2836 4867 ,
2883 4782 2968 4852 ut
3009 4775 3150 4853 iam
3195 4775 3660 4853 demonstrem
