4766 6034
1861 645 2416 716 081110.
3147 606 3156 613 ’
3574 645 3746 715 w-

628 857 1153 959 Geoyraphicum
1174 914 1195 945 ,
1244 855 1555 954 aliosque
1592 855 1839 931 Libros
1870 856 2018 956 jam
2052 858 2273 932 editos
2292 914 2312 946 ,
2360 850 2678 931 nonnulli
2714 850 2878 927 item
2917 851 3034 928 hic
3073 851 3377 953 alibique
3409 849 3659 927 servati

622 978 914 1053 Codices
964 977 1407 1076 splendidum
1454 985 1863 1076 apparatum
1912 977 2263 1052 exhibent.

717 1097 1053 1171 Similiter
1109 1097 1197 1170 de
1259 1098 1668 1171 Iudaeorum
1728 1097 1803 1169 in
1868 1096 2154 1171 Oriente
2220 1103 2408 1171 sorte
2467 1121 2552 1170 ex
2603 1092 2858 1169 nostris
2905 1092 3279 1167 Codicibus
3325 1088 3660 1165 nonnulla

601 1216 1027 1305 edocemur,
1095 1216 1352 1315 quibus
1416 1216 1462 1289 J
1465 1234 1669 1291 os'rIJ
1719 1213 2151 1314 aliorumque
2219 1216 2307 1291 de
2355 1216 2488 1291 hoc
2531 1222 2941 1315 argumento
2993 1216 3178 1289 dicta
3227 1213 3657 1313 supplentur.

624 1336 855 1410 Multa
924 1336 1137 1411 etiam
1213 1337 1301 1410 de
1379 1338 1684 1411 Karaeis
1749 1337 2096 1410 monenda
2162 1342 2460 1423 restant,
2539 1359 2833 1433 quorum
2911 1335 3178 1433 Scripta
3245 1334 3510 1408 inedita
3583 1356 3666 1407 ac

624 1456 1117 1556 pretiosissima
1175 1457 1291 1531 hic
1349 1457 1696 1531 habentur
1748 1456 1847 1548 ²³)
1874 1515 1894 1544 ,
1956 1482 2036 1530 ac
2095 1456 2316 1530 multo
2373 1456 2574 1554 plura
2627 1478 2836 1551 quam
2883 1454 3095 1553 hujus
3141 1454 3351 1528 etiam
3392 1451 3665 1551 generis

629 1574 967 1649 ditissima
1035 1578 1462 1673 Bodlejana,
1526 1584 1767 1654 servat.
1866 1578 2069 1653 Idem
2138 1578 2225 1651 de
2296 1578 2907 1651 SanBBA'rnams
2980 1574 3387 1662 dicendum,
3460 1571 3664 1645 Secta

630 1695 857 1769 seculo
894 1698 1053 1771 ·17⁰
1111 1698 1257 1769 orta
1280 1755 1300 1784 ,
1371 1721 1549 1794 quae
1611 1722 1901 1796 magnas
1968 1696 2402 1795 aliquamdiu
2454 1697 2538 1769 in.
2597 1693 2883 1768 Oriente
2947 1692 3190 1768 turbas
3245 1692 3460 1767 movit
3521 1694 3665 1783 24);

630 1813 809 1888 idem
852 1815 1152 1913 denique
1199 1814 1287 1888 de
1332 1816 1483 1889 aliis
1528 1816 2002 1891 Orientalibus
2047 1817 2265 1891 Sectis
2307 1818 2352 1889 J
2363 1814 2624 1890 uda'icis
2661 1815 2764 1906 ²⁶)
2787 1871 2807 1901 ,
2857 1837 3152 1911 quarum
3188 1836 3297 1886 res
3338 1836 3426 1885 ex
3464 1809 3668 1885 editis

630 1932 1047 2030 ineditisque
1094 1932 1364 2021 Libris,
1412 1932 1732 2007 Arabicis
1782 1934 2081 2009 maxime
2101 1992 2121 2022 ,
2170 1933 2401 2008 adhuc
2446 1932 3014 2031 pervestigandae
3063 1940 3249 2005 sunt.

724 2050 867 2123 Sed
906 2052 997 2125 ad
1038 2052 1423 2126 Historiam
1444 2110 1463 2140 ,
1510 2052 1781 2151 proprie
1826 2052 1922 2127 sic
1965 2053 2222 2127 dictam
2242 2112 2263 2141 ‚
2289 2052 2700 2127 Auditoresl
2734 2051 2936 2125 nobis
2977 2049 3490 2149 properandum
3521 2054 3660 2136 est,

632 2167 835 2268 cujus
872 2172 1177 2245 Medium
1223 2175 1474 2246 Aecum
1510 2173 1912 2271 praesertim
1933 2231 1952 2261 ,
1992 2198 2077 2247 ex
2118 2173 2578 2247 Orientalium
2597 2231 2618 2260 ‚
2651 2197 2734 2247 ac
2759 2170 3199 2271 potissimum
3237 2194 3325 2244 ex
3355 2169 3674 2242 Arabicis

631 2291 1098 2363 monumentis
1149 2290 1637 2366 illustrandum
1685 2316 1875 2380 esse,
1937 2317 2177 2366 omnes
2218 2317 2407 2366 nunc
2449 2314 2591 2366 uno
2633 2316 2750 2365 ore
2798 2291 3123 2367 fatentur.
3221 2288 3670 2387 Antiquiores

632 2408 837 2483 modo
900 2410 1285 2509 cogitemus
1345 2411 1836 2485 nonnullarum
1907 2412 2244 2486 Gentium
2308 2410 2665 2485 Historiae
2725 2410 3061 2510 periodos,
3181 2410 3398 2482 Bassi
3455 2431 3516 2481 e.
3573 2431 3631 2481 c.
3653 2464 3673 2496 ,

636 2527 693 2601 si
749 2536 1023 2627 praeter
1079 2529 1435 2605 Nestorem
1454 2588 1473 2618 ,
1540 2530 2105 2626 antiquissimum
2152 2532 2461 2631 ipsorum
2503 2532 2578 2605 H
2584 2531 2940 2605 istoricum
2960 2588 2980 2619 ,
3027 2528 3219 2603 nulla
3272 2526 3678 2601 habuissent

632 2645 948 2722 Arabum
1011 2648 1279 2748 Scripta
1298 2707 1318 2738 ,
1391 2649 1564 2748 quid
1626 2649 1796 2723 certi
1863 2650 1951 2724 de
2024 2651 2270 2725 Gentis
2330 2652 2738 2750 oriyinibus,
2812 2651 2987 2751 quid
3048 2650 3136 2725 de
3197 2646 3681 2747 antiquissima

636 2765 851 2863 ipsius
898 2772 1271 2853 conditione
1286 2828 1307 2857 ‚
1352 2771 1684 2869 rebusque
1718 2772 1938 2869 ,qestis
1982 2770 2467 2869 cognovissent
2511 2770 2672 2862 ²⁶)5’

730 2887 819 2960 In
864 2886 995 2963 hac
1043 2895 1281 2963 autem
1326 2889 1413 2963 de
1457 2888 1692 2963 nostrii
1730 2888 2161 2963 Bibliotheca
2210 2888 2690 2988 disquisitione
2740 2891 3103 2968 Historiae
3147 2915 3401 2965 nomen
3445 2886 3681 2988 appel-

534 3037 543 3047 ·
629 3010 825 3098 lans,
893 3034 1131 3084 vocem
1186 3008 1585 3097 enunciavi,
1638 3035 1815 3108 quae
1865 3010 2177 3085 animum
2224 3009 2431 3110 erigit
2477 3036 2557 3085 ac
2598 3011 2788 3086 dulci
2834 3011 3140 3110 profecto
3189 3035 3398 3085 sensu
3450 3007 3678 3083 afficit.

638 3131 823 3204 Nam
887 3128 949 3202 si
998 3130 1111 3203 cui
1134 3187 1155 3217 ,
1220 3129 1383 3204 huic
1448 3130 1870 3229 Disciplinae
1926 3130 2328 3229 praesertim
2380 3129 2605 3204 fontes
2655 3129 2758 3203 ibi
2802 3131 3035 3205 fluunt
3084 3130 3468 3229 largissime
3488 3186 3508 3216 ‚
3559 3127 3685 3224 qui

641 3247 800 3323 licet
858 3246 1274 3346 jamdudum
1336 3274 1416 3323 ac
1482 3273 1684 3347 saepe
1746 3249 2003 3347 aperti,
2070 3256 2345 3324 tantum
2415 3258 2648 3323 tamen
2707 3249 2945 3339 abest,
3011 3258 3094 3324 ut
3134 3247 3455 3323 exhausti
3500 3246 3640 3320 sint
3659 3303 3681 3335 ‚

642 3373 721 3440 ut
784 3390 994 3463 quam
1056 3367 1393 3467 plurimos
1458 3368 1691 3466 potius
1743 3367 2115 3442 invitemus
2168 3369 2258 3443 ad
2314 3367 2444 3442 hos
2489 3368 2564 3443 in
2616 3391 3058 3444 communem
3108 3367 3422 3442 omnium
3476 3391 3685 3442 usum

642 3509 850 3584 quam
912 3486 1219 3584 primum
1268 3488 1782 3564 convertendos.
1883 3488 2113 3586 Major
2166 3488 2417 3562 horum
2476 3487 2846 3563 Librorum
2900 3496 3008 3563 est
3055 3488 3293 3587 eopia,
3343 3511 3554 3585 quam
3602 3493 3686 3560 ut

644 3605 992 3704 singulos,
1042 3630 1132 3680 ne
1169 3606 1574 3705 praecipuos
1618 3607 1943 3705 quidem,
1992 3633 2182 3681 nunc
2220 3631 2642 3682 enumerem.
2745 3607 2820 3682 Si
2863 3632 3115 3708 nempe
3161 3609 3421 3682 Poe‘tas
3463 3613 3686 3680 atten-

645 3724 790 3812 dis,
864 3750 1166 3823 quorum
1226 3725 1301 3801 in
1376 3725 1690 3800 Historia
1747 3726 2153 3801 illustranda
2212 3726 2508 3825 insignis
2581 3735 2688 3802 est
2747 3751 2958 3817 usus,
3023 3725 3216 3826 quod
3257 3725 3629 3824 plerique
3609 3749 3685 3799 111

646 3843 789 3918 dies
854 3844 1081 3942 magis
1151 3835 1623 3944 perspiciunt,
1695 3889 1799 3910 -
1864 3853 2235 3944 apparatus
2292 3871 2457 3920 sane
2517 3854 2623 3922 est
2678 3845 3145 3980 amplissimus
3183 3847 3308 3939 ²⁷).
3412 3845 3686 3920 Deinde

598 4057 613 4064 ἱ
645 3962 1339 4039 celebratissimorum
1402 3965 1899 4056 Historicorum
1959 3964 2206 4038 Libros
2260 3964 2602 4040 habemus
2673 3965 2816 4039 sive
2865 3968 3161 4064 inteqros
3178 4022 3197 4052 ,
3270 3964 3411 4038 sive
3448 3965 3685 4062 parti-

646 4083 862 4170 culas,
939 4093 1063 4157 aut
1127 4090 1511 4184 compendia
1527 4144 1548 4175 ‚
1618 4109 1917 4184 quorum
1978 4083 2169 4160 haud
2217 4084 2426 4184 pauci
2490 4085 2563 4158 in
2626 4084 2817 4160 nulla
2881 4084 3016 4160 alia
3059 4082 3492 4158 Bibliotheca
3542 4107 3680 4158 ser-

648 4209 913 4277 vantur.

740 4321 943 4396 Nulli
1002 4329 1236 4399 tamen
1304 4324 1658 4400 Historiae
1728 4325 1911 4425 parti
1974 4323 2408 4400 Bibliotheca
2457 4325 2658 4425 plura
2705 4331 2778 4400 et
2823 4323 3319 4422 praestantiora
3377 4319 3688 4396 subsidia

650 4440 939 4540 largitur
958 4499 979 4530 ,
1052 4468 1263 4541 quam
1328 4445 1691 4520 Historiae
1753 4446 2185 4533 bawariae,
2256 4444 2330 4517 in
2396 4444 2654 4544 quibus
2717 4444 2889 4518 item
2950 4442 3171 4518 multa
3236 4448 3401 4516 sunt
3422 4500 3444 4531 ‚
3506 4465 3686 4538 quae

654 4558 815 4633 alibi
860 4561 1119 4637 frustra
1168 4590 1456 4663 quaeras
1476 4567 1601 4658 ²⁸).
1703 4563 1911 4639 Hanc
1949 4563 2321 4639 Librorum
2370 4564 2660 4639 classem
2698 4563 3060 4663 permagni
3107 4587 3258 4636 esse
3309 4558 3684 4648 momenti,

657 4676 947 4777 quisque
1003 4682 1549 4772 animadvertet,
1600 4684 1722 4782 qui
1757 4683 2040 4759 nomina
2090 4685 2390 4759 attendit
2433 4682 2965 4760 innumerabilia
2980 4741 3000 4773 ,
3050 4681 3125 4758 in
3168 4681 3483 4757 Historia
3529 4703 3684 4778 pas·
3727 4765 3730 4768 .

524 4893 531 4900 ὓ
660 4796 787 4874 sim
844 4798 1048 4877 obvia
1061 4860 1081 4893 ,
1149 4811 1221 4878 et
1283 4804 1372 4880 de
1421 4803 1811 4881 incredibili
1861 4805 2289 4905 Scriptorum
2331 4803 2789 4881 Arabicorum
2832 4801 3282 4878 multitudine
3333 4799 3442 4876 vel
3481 4795 3690 4873 fando
