<?xml version="1.0" encoding="UTF-8"?>
<!DOCTYPE html PUBLIC "-//W3C//DTD XHTML 1.0 Transitional//EN"
    "http://www.w3.org/TR/xhtml1/DTD/xhtml1-transitional.dtd">
<html xmlns="http://www.w3.org/1999/xhtml" xml:lang="en" lang="en">
 <head>
  <title>
</title>
<meta http-equiv="Content-Type" content="text/html;charset=utf-8" />
  <meta name='ocr-system' content='tesseract 3.04.00' />
  <meta name='ocr-capabilities' content='ocr_page ocr_carea ocr_par ocr_line ocrx_word'/>
</head>
<body>
  <div class='ocr_page' id='page_1' title='image "annalesacademic02confgoog_0572.png"; bbox 0 0 4766 6034; ppageno 0'>
   <div class='ocr_carea' id='block_1_1' title="bbox 1217 581 3083 660">
    <p class='ocr_par' dir='ltr' id='par_1_1' title="bbox 1217 581 3083 660">
     <span class='ocr_line' id='line_1_1' title="bbox 1217 581 3083 660; baseline -0.004 -7"><span class='ocrx_word' id='word_1_1' title='bbox 1217 588 1345 653; x_wconf 75' lang='lat'><strong>280</strong></span> <span class='ocrx_word' id='word_1_2' title='bbox 2245 605 2254 618; x_wconf 88' lang='lat'><strong>·</strong></span> <span class='ocrx_word' id='word_1_3' title='bbox 2436 581 2505 646; x_wconf 88' lang='grc' dir='ltr'><strong>Ε.</strong></span> <span class='ocrx_word' id='word_1_4' title='bbox 2574 581 2632 646; x_wconf 84' lang='lat' dir='ltr'><strong>J.</strong></span> <span class='ocrx_word' id='word_1_5' title='bbox 2702 581 3083 660; x_wconf 84' lang='lat' dir='ltr'><strong>KlEHL,</strong></span> 
     </span>
    </p>
   </div>
   <div class='ocr_carea' id='block_1_2' title="bbox 1164 785 4302 4839">
    <p class='ocr_par' dir='ltr' id='par_1_2' title="bbox 1177 785 4245 4717">
     <span class='ocr_line' id='line_1_2' title="bbox 1217 785 4217 889; baseline -0.002 -21"><span class='ocrx_word' id='word_1_6' title='bbox 1217 795 1384 869; x_wconf 88' lang='lat' dir='ltr'><strong>haec</strong></span> <span class='ocrx_word' id='word_1_7' title='bbox 1443 817 1625 882; x_wconf 89' lang='lat' dir='ltr'><strong>esse,</strong></span> <span class='ocrx_word' id='word_1_8' title='bbox 1691 791 1780 866; x_wconf 92' lang='lat' dir='ltr'><strong>de</strong></span> <span class='ocrx_word' id='word_1_9' title='bbox 1845 789 2104 889; x_wconf 90' lang='lat' dir='ltr'><strong>quibus</strong></span> <span class='ocrx_word' id='word_1_10' title='bbox 2167 797 2358 864; x_wconf 84' lang='lat' dir='ltr'><strong>aetas</strong></span> <span class='ocrx_word' id='word_1_11' title='bbox 2425 796 2659 862; x_wconf 90' lang='lat' dir='ltr'><strong>nostra</strong></span> <span class='ocrx_word' id='word_1_12' title='bbox 2700 785 3146 876; x_wconf 81' lang='lat' dir='ltr'><strong>sollicitatur,</strong></span> <span class='ocrx_word' id='word_1_13' title='bbox 3192 811 3486 886; x_wconf 87' lang='lat' dir='ltr'><strong>eamque</strong></span> <span class='ocrx_word' id='word_1_14' title='bbox 3528 787 3604 862; x_wconf 92' lang='lat' dir='ltr'><strong>id</strong></span> <span class='ocrx_word' id='word_1_15' title='bbox 3651 787 3890 863; x_wconf 86' lang='lat' dir='ltr'><strong>mirari</strong></span> <span class='ocrx_word' id='word_1_16' title='bbox 3938 797 4011 861; x_wconf 89' lang='lat' dir='ltr'><strong>et</strong></span> <span class='ocrx_word' id='word_1_17' title='bbox 4052 789 4217 887; x_wconf 83' lang='lat' dir='ltr'><strong>plan·</strong></span> 
     </span>
     <span class='ocr_line' id='line_1_3' title="bbox 1214 906 4221 1011; baseline -0.002 -23"><span class='ocrx_word' id='word_1_18' title='bbox 1214 915 1376 988; x_wconf 90' lang='lat' dir='ltr'><strong>dere</strong></span> <span class='ocrx_word' id='word_1_19' title='bbox 1395 973 1416 1002; x_wconf 91' lang='lat'><em>,</em></span> <span class='ocrx_word' id='word_1_20' title='bbox 1485 913 1543 986; x_wconf 86' lang='lat' dir='ltr'><strong>si</strong></span> <span class='ocrx_word' id='word_1_21' title='bbox 1601 912 1880 1011; x_wconf 88' lang='lat' dir='ltr'><strong>quando</strong></span> <span class='ocrx_word' id='word_1_22' title='bbox 1930 908 2262 986; x_wconf 81' lang='lat' dir='ltr'><strong>celeritati</strong></span> <span class='ocrx_word' id='word_1_23' title='bbox 2325 909 2685 1006; x_wconf 88' lang='lat' dir='ltr'><strong>hucusque</strong></span> <span class='ocrx_word' id='word_1_24' title='bbox 2732 907 3085 1006; x_wconf 89' lang='lat' dir='ltr'><strong>incognita</strong></span> <span class='ocrx_word' id='word_1_25' title='bbox 3143 906 3251 980; x_wconf 72' lang='lat' dir='ltr'><strong>vel</strong></span> <span class='ocrx_word' id='word_1_26' title='bbox 3296 906 3432 1006; x_wconf 89' lang='lat' dir='ltr'><strong>ipsi</strong></span> <span class='ocrx_word' id='word_1_27' title='bbox 3478 907 3795 982; x_wconf 89' lang='lat' dir='ltr'><strong>homines</strong></span> <span class='ocrx_word' id='word_1_28' title='bbox 3848 908 3957 982; x_wconf 88' lang='lat' dir='ltr'><strong>vel</strong></span> <span class='ocrx_word' id='word_1_29' title='bbox 4004 933 4221 984; x_wconf 89' lang='lat' dir='ltr'><strong>eorum</strong></span> 
     </span>
     <span class='ocr_line' id='line_1_4' title="bbox 1217 1025 4215 1128; baseline -0.001 -23"><span class='ocrx_word' id='word_1_30' title='bbox 1217 1033 1421 1108; x_wconf 87' lang='lat' dir='ltr'><strong>verba</strong></span> <span class='ocrx_word' id='word_1_31' title='bbox 1463 1033 1706 1108; x_wconf 87' lang='lat' dir='ltr'><strong>saltem</strong></span> <span class='ocrx_word' id='word_1_32' title='bbox 1756 1031 2096 1104; x_wconf 89' lang='lat' dir='ltr'><strong>immensa</strong></span> <span class='ocrx_word' id='word_1_33' title='bbox 2147 1027 2370 1128; x_wconf 90' lang='lat' dir='ltr'><strong>spatia</strong></span> <span class='ocrx_word' id='word_1_34' title='bbox 2422 1035 2821 1127; x_wconf 90' lang='lat' dir='ltr'><strong>percurrant</strong></span> <span class='ocrx_word' id='word_1_35' title='bbox 2834 1085 2860 1116; x_wconf 8' lang='grc' dir='ltr'><strong>,Α</strong></span> <span class='ocrx_word' id='word_1_36' title='bbox 2904 1026 3013 1100; x_wconf 86' lang='lat' dir='ltr'><strong>vel</strong></span> <span class='ocrx_word' id='word_1_37' title='bbox 3062 1025 3123 1100; x_wconf 89' lang='lat' dir='ltr'><strong>si</strong></span> <span class='ocrx_word' id='word_1_38' title='bbox 3170 1025 3365 1101; x_wconf 87' lang='lat' dir='ltr'><strong>novis</strong></span> <span class='ocrx_word' id='word_1_39' title='bbox 3412 1027 3635 1126; x_wconf 89' lang='lat' dir='ltr'><strong>iisque</strong></span> <span class='ocrx_word' id='word_1_40' title='bbox 3682 1028 4215 1127; x_wconf 77' lang='lat' dir='ltr'><strong>praeclarissimis</strong></span> 
     </span>
     <span class='ocr_line' id='line_1_5' title="bbox 1213 1141 4219 1251; baseline -0.002 -25"><span class='ocrx_word' id='word_1_41' title='bbox 1213 1153 1510 1227; x_wconf 89' lang='lat' dir='ltr'><strong>inventis</strong></span> <span class='ocrx_word' id='word_1_42' title='bbox 1557 1151 1866 1251; x_wconf 90' lang='lat' dir='ltr'><strong>quotidie</strong></span> <span class='ocrx_word' id='word_1_43' title='bbox 1905 1150 2044 1224; x_wconf 84' lang='lat' dir='ltr'><strong>fere</strong></span> <span class='ocrx_word' id='word_1_44' title='bbox 2085 1147 2397 1224; x_wconf 88' lang='lat' dir='ltr'><strong>doctrina</strong></span> <span class='ocrx_word' id='word_1_45' title='bbox 2438 1141 2669 1221; x_wconf 84' lang='lat' dir='ltr'><strong>nostra</strong></span> <span class='ocrx_word' id='word_1_46' title='bbox 2710 1154 3040 1245; x_wconf 88' lang='lat' dir='ltr'><strong>augetur,</strong></span> <span class='ocrx_word' id='word_1_47' title='bbox 3090 1155 3173 1220; x_wconf 91' lang='lat' dir='ltr'><strong>ut</strong></span> <span class='ocrx_word' id='word_1_48' title='bbox 3218 1147 3487 1246; x_wconf 82' lang='lat' dir='ltr'><strong>possint</strong></span> <span class='ocrx_word' id='word_1_49' title='bbox 3537 1156 3923 1222; x_wconf 88' lang='lat' dir='ltr'><strong>mercatura</strong></span> <span class='ocrx_word' id='word_1_50' title='bbox 3968 1156 4038 1222; x_wconf 90' lang='lat' dir='ltr'><strong>et</strong></span> <span class='ocrx_word' id='word_1_51' title='bbox 4078 1148 4219 1221; x_wconf 83' lang='lat' dir='ltr'><strong>arti·</strong></span> 
     </span>
     <span class='ocr_line' id='line_1_6' title="bbox 1177 1257 4218 1372; baseline -0.003 -23"><span class='ocrx_word' id='word_1_52' title='bbox 1177 1273 1368 1364; x_wconf 45' lang='lat' dir='ltr'><strong>,ficia</strong></span> <span class='ocrx_word' id='word_1_53' title='bbox 1388 1331 1409 1361; x_wconf 87' lang='lat'>‚</span> <span class='ocrx_word' id='word_1_54' title='bbox 1479 1279 1562 1347; x_wconf 91' lang='lat' dir='ltr'><strong>ut</strong></span> <span class='ocrx_word' id='word_1_55' title='bbox 1618 1271 1837 1370; x_wconf 86' lang='lat' dir='ltr'><strong>possit</strong></span> <span class='ocrx_word' id='word_1_56' title='bbox 1897 1267 2213 1344; x_wconf 89' lang='lat' dir='ltr'><strong>omnium</strong></span> <span class='ocrx_word' id='word_1_57' title='bbox 2281 1267 2607 1372; x_wconf 88' lang='lat' dir='ltr'><strong>primaria</strong></span> <span class='ocrx_word' id='word_1_58' title='bbox 2662 1291 2895 1342; x_wconf 89' lang='lat' dir='ltr'><strong>rerum</strong></span> <span class='ocrx_word' id='word_1_59' title='bbox 2920 1257 3407 1366; x_wconf 75' lang='lat' dir='ltr'><strong>&#39;intelligentia</strong></span> <span class='ocrx_word' id='word_1_60' title='bbox 3452 1267 3527 1342; x_wconf 91' lang='lat' dir='ltr'><strong>in</strong></span> <span class='ocrx_word' id='word_1_61' title='bbox 3574 1265 3851 1366; x_wconf 84' lang='lat' dir='ltr'><strong>ignotas</strong></span> <span class='ocrx_word' id='word_1_62' title='bbox 3898 1275 4059 1341; x_wconf 86' lang='lat' dir='ltr'><strong>ante</strong></span> <span class='ocrx_word' id='word_1_63' title='bbox 4102 1267 4218 1340; x_wconf 86' lang='lat' dir='ltr'><strong>sibi</strong></span> 
     </span>
     <span class='ocr_line' id='line_1_7' title="bbox 1213 1385 4217 1490; baseline -0.002 -26"><span class='ocrx_word' id='word_1_64' title='bbox 1213 1392 1526 1490; x_wconf 83' lang='lat' dir='ltr'><strong>regiones</strong></span> <span class='ocrx_word' id='word_1_65' title='bbox 1571 1398 1927 1490; x_wconf 87' lang='lat' dir='ltr'><strong>penetrare</strong></span> <span class='ocrx_word' id='word_1_66' title='bbox 1944 1447 1964 1477; x_wconf 92' lang='lat'>‚</span> <span class='ocrx_word' id='word_1_67' title='bbox 2013 1395 2086 1462; x_wconf 90' lang='lat' dir='ltr'><strong>et</strong></span> <span class='ocrx_word' id='word_1_68' title='bbox 2130 1388 2425 1463; x_wconf 87' lang='lat' dir='ltr'><strong>obscura</strong></span> <span class='ocrx_word' id='word_1_69' title='bbox 2472 1386 2834 1483; x_wconf 90' lang='lat' dir='ltr'><strong>hucusque</strong></span> <span class='ocrx_word' id='word_1_70' title='bbox 2880 1395 3291 1485; x_wconf 86' lang='lat' dir='ltr'><strong>argumenta</strong></span> <span class='ocrx_word' id='word_1_71' title='bbox 3336 1385 3470 1459; x_wconf 88' lang='lat' dir='ltr'><strong>levi</strong></span> <span class='ocrx_word' id='word_1_72' title='bbox 3516 1385 3796 1485; x_wconf 89' lang='lat' dir='ltr'><strong>negotio</strong></span> <span class='ocrx_word' id='word_1_73' title='bbox 3840 1386 4217 1486; x_wconf 72' lang='lat' dir='ltr'><strong>perspicere.</strong></span> 
     </span>
     <span class='ocr_line' id='line_1_8' title="bbox 1214 1505 4219 1607; baseline -0.001 -27"><span class='ocrx_word' id='word_1_74' title='bbox 1214 1511 1347 1585; x_wconf 87' lang='lat' dir='ltr'><strong>Vel</strong></span> <span class='ocrx_word' id='word_1_75' title='bbox 1397 1511 1526 1586; x_wconf 91' lang='lat' dir='ltr'><strong>hoc</strong></span> <span class='ocrx_word' id='word_1_76' title='bbox 1570 1509 1776 1584; x_wconf 90' lang='lat' dir='ltr'><strong>etiam</strong></span> <span class='ocrx_word' id='word_1_77' title='bbox 1800 1568 1819 1598; x_wconf 92' lang='lat'><strong>,</strong></span> <span class='ocrx_word' id='word_1_78' title='bbox 1871 1507 2062 1607; x_wconf 92' lang='lat' dir='ltr'><strong>quod</strong></span> <span class='ocrx_word' id='word_1_79' title='bbox 2115 1506 2207 1582; x_wconf 91' lang='lat' dir='ltr'><strong>ad</strong></span> <span class='ocrx_word' id='word_1_80' title='bbox 2251 1506 2611 1582; x_wconf 87' lang='lat' dir='ltr'><strong>civitatum</strong></span> <span class='ocrx_word' id='word_1_81' title='bbox 2665 1505 2976 1604; x_wconf 88' lang='lat' dir='ltr'><strong>regimen</strong></span> <span class='ocrx_word' id='word_1_82' title='bbox 3022 1505 3323 1605; x_wconf 87' lang='lat' dir='ltr'><strong>pertinet</strong></span> <span class='ocrx_word' id='word_1_83' title='bbox 3339 1562 3360 1594; x_wconf 88' lang='lat'><em>,</em></span> <span class='ocrx_word' id='word_1_84' title='bbox 3414 1513 3757 1580; x_wconf 82' lang='lat' dir='ltr'><strong>nostrates</strong></span> <span class='ocrx_word' id='word_1_85' title='bbox 3805 1505 4219 1580; x_wconf 83' lang='lat' dir='ltr'><strong>vehementer</strong></span> 
     </span>
     <span class='ocr_line' id='line_1_9' title="bbox 1215 1623 4223 1729; baseline -0.003 -24"><span class='ocrx_word' id='word_1_86' title='bbox 1215 1633 1470 1729; x_wconf 82' lang='lat' dir='ltr'><strong>agitat,</strong></span> <span class='ocrx_word' id='word_1_87' title='bbox 1508 1654 1736 1728; x_wconf 92' lang='lat' dir='ltr'><strong>neque</strong></span> <span class='ocrx_word' id='word_1_88' title='bbox 1777 1629 1830 1702; x_wconf 92' lang='lat' dir='ltr'><strong>ii</strong></span> <span class='ocrx_word' id='word_1_89' title='bbox 1877 1652 2120 1703; x_wconf 86' lang='lat' dir='ltr'><strong>sumus</strong></span> <span class='ocrx_word' id='word_1_90' title='bbox 2141 1686 2160 1716; x_wconf 92' lang='lat'><strong>,</strong></span> <span class='ocrx_word' id='word_1_91' title='bbox 2217 1625 2340 1726; x_wconf 90' lang='lat' dir='ltr'><strong>qui</strong></span> <span class='ocrx_word' id='word_1_92' title='bbox 2379 1624 2725 1725; x_wconf 91' lang='lat' dir='ltr'><strong>possimus</strong></span> <span class='ocrx_word' id='word_1_93' title='bbox 2768 1623 3112 1724; x_wconf 90' lang='lat' dir='ltr'><strong>quidquid</strong></span> <span class='ocrx_word' id='word_1_94' title='bbox 3155 1624 3569 1700; x_wconf 87' lang='lat' dir='ltr'><strong>hodiernum</strong></span> <span class='ocrx_word' id='word_1_95' title='bbox 3609 1625 3916 1724; x_wconf 83' lang='lat' dir='ltr'><strong>aliquem</strong></span> <span class='ocrx_word' id='word_1_96' title='bbox 3952 1625 4223 1698; x_wconf 64' lang='lat' dir='ltr'><strong>Panu-</strong></span> 
     </span>
     <span class='ocr_line' id='line_1_10' title="bbox 1216 1744 4225 1844; baseline -0.002 -22"><span class='ocrx_word' id='word_1_97' title='bbox 1216 1773 1354 1824; x_wconf 68' lang='lat' dir='ltr'><strong>‘rnn</strong></span> <span class='ocrx_word' id='word_1_98' title='bbox 1398 1757 1687 1838; x_wconf 87' lang='lat' dir='ltr'><strong>terreat,</strong></span> <span class='ocrx_word' id='word_1_99' title='bbox 1718 1750 1920 1824; x_wconf 89' lang='lat' dir='ltr'><strong>unice</strong></span> <span class='ocrx_word' id='word_1_100' title='bbox 1967 1746 2186 1824; x_wconf 88' lang='lat' dir='ltr'><strong>securi</strong></span> <span class='ocrx_word' id='word_1_101' title='bbox 2232 1745 2615 1844; x_wconf 86' lang='lat' dir='ltr'><strong>despicere;</strong></span> <span class='ocrx_word' id='word_1_102' title='bbox 2656 1744 2748 1820; x_wconf 90' lang='lat' dir='ltr'><strong>ad</strong></span> <span class='ocrx_word' id='word_1_103' title='bbox 2792 1768 2921 1819; x_wconf 90' lang='lat' dir='ltr'><strong>nos</strong></span> <span class='ocrx_word' id='word_1_104' title='bbox 2968 1769 3245 1843; x_wconf 90' lang='lat' dir='ltr'><strong>quoque</strong></span> <span class='ocrx_word' id='word_1_105' title='bbox 3288 1744 3625 1844; x_wconf 86' lang='lat' dir='ltr'><strong>pertinet,</strong></span> <span class='ocrx_word' id='word_1_106' title='bbox 3676 1744 3869 1843; x_wconf 90' lang='lat' dir='ltr'><strong>quod</strong></span> <span class='ocrx_word' id='word_1_107' title='bbox 3914 1744 4003 1818; x_wconf 86' lang='lat' dir='ltr'><strong>dc</strong></span> <span class='ocrx_word' id='word_1_108' title='bbox 4052 1767 4225 1818; x_wconf 85' lang='lat' dir='ltr'><strong>mon·</strong></span> 
     </span>
     <span class='ocr_line' id='line_1_11' title="bbox 1213 1861 4225 1965; baseline -0.002 -22"><span class='ocrx_word' id='word_1_109' title='bbox 1213 1867 1440 1944; x_wconf 83' lang='lat' dir='ltr'><strong>archia</strong></span> <span class='ocrx_word' id='word_1_110' title='bbox 1495 1867 1879 1965; x_wconf 87' lang='lat' dir='ltr'><strong>ceterisque</strong></span> <span class='ocrx_word' id='word_1_111' title='bbox 1942 1865 2214 1964; x_wconf 90' lang='lat' dir='ltr'><strong>imperii</strong></span> <span class='ocrx_word' id='word_1_112' title='bbox 2282 1863 2519 1938; x_wconf 86' lang='lat' dir='ltr'><strong>formis</strong></span> <span class='ocrx_word' id='word_1_113' title='bbox 2536 1922 2557 1952; x_wconf 87' lang='lat'>‚</span> <span class='ocrx_word' id='word_1_114' title='bbox 2626 1862 2818 1962; x_wconf 92' lang='lat' dir='ltr'><strong>quod</strong></span> <span class='ocrx_word' id='word_1_115' title='bbox 2881 1862 2969 1936; x_wconf 91' lang='lat' dir='ltr'><strong>de</strong></span> <span class='ocrx_word' id='word_1_116' title='bbox 3036 1862 3351 1938; x_wconf 83' lang='lat' dir='ltr'><strong>libertate</strong></span> <span class='ocrx_word' id='word_1_117' title='bbox 3426 1861 3569 1937; x_wconf 89' lang='lat' dir='ltr'><strong>sive</strong></span> <span class='ocrx_word' id='word_1_118' title='bbox 3622 1863 3843 1938; x_wconf 86' lang='lat' dir='ltr'><strong>nimia</strong></span> <span class='ocrx_word' id='word_1_119' title='bbox 3914 1863 4057 1937; x_wconf 84' lang='lat' dir='ltr'><strong>sive</strong></span> <span class='ocrx_word' id='word_1_120' title='bbox 4106 1887 4225 1936; x_wconf 90' lang='lat' dir='ltr'><strong>non</strong></span> 
     </span>
     <span class='ocr_line' id='line_1_12' title="bbox 1217 1981 4227 2080; baseline -0.001 -20"><span class='ocrx_word' id='word_1_121' title='bbox 1217 1987 1594 2062; x_wconf 90' lang='lat' dir='ltr'><strong>sufficiente</strong></span> <span class='ocrx_word' id='word_1_122' title='bbox 1617 2045 1636 2074; x_wconf 90' lang='lat'>‚</span> <span class='ocrx_word' id='word_1_123' title='bbox 1705 1986 1794 2060; x_wconf 91' lang='lat' dir='ltr'><strong>de</strong></span> <span class='ocrx_word' id='word_1_124' title='bbox 1858 1985 2040 2060; x_wconf 89' lang='lat' dir='ltr'><strong>varia</strong></span> <span class='ocrx_word' id='word_1_125' title='bbox 2100 1983 2363 2058; x_wconf 82' lang='lat' dir='ltr'><strong>ratione</strong></span> <span class='ocrx_word' id='word_1_126' title='bbox 2383 2041 2404 2072; x_wconf 89' lang='lat'><em>,</em></span> <span class='ocrx_word' id='word_1_127' title='bbox 2468 1981 2725 2080; x_wconf 89' lang='lat' dir='ltr'><strong>quibus</strong></span> <span class='ocrx_word' id='word_1_128' title='bbox 2780 1981 3108 2080; x_wconf 79' lang='lat' dir='ltr'><strong>suffragia</strong></span> <span class='ocrx_word' id='word_1_129' title='bbox 3157 1981 3438 2058; x_wconf 78' lang='lat' dir='ltr'><strong>ferenda</strong></span> <span class='ocrx_word' id='word_1_130' title='bbox 3456 2040 3477 2071; x_wconf 93' lang='lat'>‚</span> <span class='ocrx_word' id='word_1_131' title='bbox 3526 1989 3653 2057; x_wconf 87' lang='lat' dir='ltr'><strong>aut</strong></span> <span class='ocrx_word' id='word_1_132' title='bbox 3692 1982 3973 2058; x_wconf 89' lang='lat' dir='ltr'><strong>creandi</strong></span> <span class='ocrx_word' id='word_1_133' title='bbox 4030 1983 4227 2080; x_wconf 84' lang='lat' dir='ltr'><strong>magi·</strong></span> 
     </span>
     <span class='ocr_line' id='line_1_13' title="bbox 1217 2099 4223 2202; baseline -0.001 -24"><span class='ocrx_word' id='word_1_134' title='bbox 1217 2111 1473 2179; x_wconf 86' lang='lat' dir='ltr'><strong>stratus</strong></span> <span class='ocrx_word' id='word_1_135' title='bbox 1489 2162 1510 2193; x_wconf 91' lang='lat'>‚</span> <span class='ocrx_word' id='word_1_136' title='bbox 1553 2110 1676 2177; x_wconf 89' lang='lat' dir='ltr'><strong>aut</strong></span> <span class='ocrx_word' id='word_1_137' title='bbox 1714 2102 1902 2202; x_wconf 90' lang='lat' dir='ltr'><strong>leges</strong></span> <span class='ocrx_word' id='word_1_138' title='bbox 1945 2100 2428 2175; x_wconf 89' lang='lat' dir='ltr'><strong>diiudicandae</strong></span> <span class='ocrx_word' id='word_1_139' title='bbox 2472 2099 2611 2175; x_wconf 89' lang='lat' dir='ltr'><strong>sint</strong></span> <span class='ocrx_word' id='word_1_140' title='bbox 2649 2099 2723 2173; x_wconf 91' lang='lat' dir='ltr'><strong>in</strong></span> <span class='ocrx_word' id='word_1_141' title='bbox 2766 2101 3039 2174; x_wconf 90' lang='lat' dir='ltr'><strong>exculta</strong></span> <span class='ocrx_word' id='word_1_142' title='bbox 3077 2101 3321 2199; x_wconf 88' lang='lat' dir='ltr'><strong>quavis</strong></span> <span class='ocrx_word' id='word_1_143' title='bbox 3364 2100 3640 2176; x_wconf 83' lang='lat' dir='ltr'><strong>civitate</strong></span> <span class='ocrx_word' id='word_1_144' title='bbox 3680 2109 3951 2200; x_wconf 86' lang='lat' dir='ltr'><strong>agatur.</strong></span> <span class='ocrx_word' id='word_1_145' title='bbox 4026 2104 4223 2176; x_wconf 85' lang='lat' dir='ltr'><strong>Tene·</strong></span> 
     </span>
     <span class='ocr_line' id='line_1_14' title="bbox 1217 2218 4222 2319; baseline -0.002 -20"><span class='ocrx_word' id='word_1_146' title='bbox 1217 2249 1374 2298; x_wconf 90' lang='lat' dir='ltr'><strong>mur</strong></span> <span class='ocrx_word' id='word_1_147' title='bbox 1417 2230 1654 2298; x_wconf 84' lang='lat' dir='ltr'><strong>aut-em</strong></span> <span class='ocrx_word' id='word_1_148' title='bbox 1701 2223 1774 2296; x_wconf 91' lang='lat' dir='ltr'><strong>in</strong></span> <span class='ocrx_word' id='word_1_149' title='bbox 1821 2221 2006 2296; x_wconf 88' lang='lat' dir='ltr'><strong>hisce</strong></span> <span class='ocrx_word' id='word_1_150' title='bbox 2049 2228 2336 2296; x_wconf 90' lang='lat' dir='ltr'><strong>eatenus</strong></span> <span class='ocrx_word' id='word_1_151' title='bbox 2359 2279 2378 2308; x_wconf 91' lang='lat'>‚</span> <span class='ocrx_word' id='word_1_152' title='bbox 2430 2219 2660 2318; x_wconf 89' lang='lat' dir='ltr'><strong>quoad</strong></span> <span class='ocrx_word' id='word_1_153' title='bbox 2705 2243 2827 2306; x_wconf 87' lang='lat' dir='ltr'><strong>ea,</strong></span> <span class='ocrx_word' id='word_1_154' title='bbox 2888 2243 3068 2317; x_wconf 90' lang='lat' dir='ltr'><strong>quae</strong></span> <span class='ocrx_word' id='word_1_155' title='bbox 3118 2218 3302 2307; x_wconf 86' lang='lat' dir='ltr'><strong>dixi,</strong></span> <span class='ocrx_word' id='word_1_156' title='bbox 3365 2220 3659 2319; x_wconf 90' lang='lat' dir='ltr'><strong>populos</strong></span> <span class='ocrx_word' id='word_1_157' title='bbox 3710 2219 4000 2294; x_wconf 87' lang='lat' dir='ltr'><strong>mirifice</strong></span> <span class='ocrx_word' id='word_1_158' title='bbox 4058 2243 4222 2294; x_wconf 90' lang='lat' dir='ltr'><strong>com·</strong></span> 
     </span>
     <span class='ocr_line' id='line_1_15' title="bbox 1215 2337 4230 2441; baseline -0.003 -23"><span class='ocrx_word' id='word_1_159' title='bbox 1215 2350 1493 2418; x_wconf 88' lang='lat' dir='ltr'><strong>movent</strong></span> <span class='ocrx_word' id='word_1_160' title='bbox 1557 2365 1786 2441; x_wconf 89' lang='lat' dir='ltr'><strong>neque</strong></span> <span class='ocrx_word' id='word_1_161' title='bbox 1857 2341 2078 2416; x_wconf 91' lang='lat' dir='ltr'><strong>ullum</strong></span> <span class='ocrx_word' id='word_1_162' title='bbox 2145 2347 2460 2415; x_wconf 88' lang='lat' dir='ltr'><strong>nostrum</strong></span> <span class='ocrx_word' id='word_1_163' title='bbox 2526 2339 2886 2438; x_wconf 87' lang='lat' dir='ltr'><strong>patiuntur</strong></span> <span class='ocrx_word' id='word_1_164' title='bbox 2954 2339 3060 2413; x_wconf 88' lang='lat' dir='ltr'><strong>sui</strong></span> <span class='ocrx_word' id='word_1_165' title='bbox 3137 2339 3571 2438; x_wconf 78' lang='lat' dir='ltr'><strong>ignorantem</strong></span> <span class='ocrx_word' id='word_1_166' title='bbox 3589 2396 3610 2426; x_wconf 92' lang='lat'><em>,</em></span> <span class='ocrx_word' id='word_1_167' title='bbox 3682 2338 4029 2438; x_wconf 88' lang='lat' dir='ltr'><strong>siquidem</strong></span> <span class='ocrx_word' id='word_1_168' title='bbox 4099 2337 4230 2412; x_wconf 79' lang='lat' dir='ltr'><strong>vult</strong></span> 
     </span>
     <span class='ocr_line' id='line_1_16' title="bbox 1216 2457 4230 2560; baseline -0.002 -22"><span class='ocrx_word' id='word_1_169' title='bbox 1216 2463 1465 2539; x_wconf 86' lang='lat' dir='ltr'><strong>eodem·</strong></span> <span class='ocrx_word' id='word_1_170' title='bbox 1499 2486 1662 2544; x_wconf 67' lang='lat' dir='ltr'><strong>mun</strong></span> <span class='ocrx_word' id='word_1_171' title='bbox 1699 2460 2106 2560; x_wconf 79' lang='lat' dir='ltr'><strong>aequalibus</strong></span> <span class='ocrx_word' id='word_1_172' title='bbox 2149 2483 2395 2560; x_wconf 83' lang='lat' dir='ltr'><strong>gressu</strong></span> <span class='ocrx_word' id='word_1_173' title='bbox 2435 2459 2836 2558; x_wconf 85' lang='lat' dir='ltr'><strong>procedere3</strong></span> <span class='ocrx_word' id='word_1_174' title='bbox 2878 2484 3005 2534; x_wconf 91' lang='lat' dir='ltr'><strong>nec</strong></span> <span class='ocrx_word' id='word_1_175' title='bbox 3046 2458 3107 2534; x_wconf 92' lang='lat' dir='ltr'><strong>si</strong></span> <span class='ocrx_word' id='word_1_176' title='bbox 3144 2458 3531 2558; x_wconf 81' lang='lat' dir='ltr'><strong>complures</strong></span> <span class='ocrx_word' id='word_1_177' title='bbox 3569 2457 3863 2536; x_wconf 85' lang='lat' dir='ltr'><strong>fortasse</strong></span> <span class='ocrx_word' id='word_1_178' title='bbox 3898 2482 4039 2532; x_wconf 90' lang='lat' dir='ltr'><strong>non</strong></span> <span class='ocrx_word' id='word_1_179' title='bbox 4084 2457 4230 2532; x_wconf 70' lang='lat' dir='ltr'><strong>sst&#39;n</strong></span> 
     </span>
     <span class='ocr_line' id='line_1_17' title="bbox 1216 2567 4227 2680; baseline -0.002 -24"><span class='ocrx_word' id='word_1_180' title='bbox 1216 2609 1298 2657; x_wconf 87' lang='lat' dir='ltr'><strong>ea</strong></span> <span class='ocrx_word' id='word_1_181' title='bbox 1345 2581 1738 2661; x_wconf 85' lang='lat' dir='ltr'><strong>discernant</strong></span> <span class='ocrx_word' id='word_1_182' title='bbox 1757 2639 1778 2669; x_wconf 92' lang='lat'><em>,</em></span> <span class='ocrx_word' id='word_1_183' title='bbox 1826 2605 1907 2655; x_wconf 91' lang='lat' dir='ltr'><strong>eo</strong></span> <span class='ocrx_word' id='word_1_184' title='bbox 1964 2587 2374 2680; x_wconf 88' lang='lat' dir='ltr'><strong>argumento</strong></span> <span class='ocrx_word' id='word_1_185' title='bbox 2414 2579 2589 2654; x_wconf 80' lang='lat' dir='ltr'><strong>falsa</strong></span> <span class='ocrx_word' id='word_1_186' title='bbox 2636 2603 2787 2655; x_wconf 90' lang='lat' dir='ltr'><strong>esse</strong></span> <span class='ocrx_word' id='word_1_187' title='bbox 2828 2579 3249 2655; x_wconf 78' lang='lat' dir='ltr'><strong>evincantur.</strong></span> <span class='ocrx_word' id='word_1_188' title='bbox 3347 2578 3718 2678; x_wconf 80' lang='lat' dir='ltr'><strong>Languent</strong></span> <span class='ocrx_word' id='word_1_189' title='bbox 3757 2579 3976 2678; x_wconf 87' lang='lat' dir='ltr'><strong>igitur</strong></span> <span class='ocrx_word' id='word_1_190' title='bbox 4016 2567 4227 2662; x_wconf 82' lang='lat' dir='ltr'><strong>nunc,</strong></span> 
     </span>
     <span class='ocr_line' id='line_1_18' title="bbox 1217 2698 4229 2798; baseline -0.003 -21"><span class='ocrx_word' id='word_1_191' title='bbox 1217 2709 1288 2777; x_wconf 91' lang='lat' dir='ltr'><strong>et</strong></span> <span class='ocrx_word' id='word_1_192' title='bbox 1333 2700 1614 2778; x_wconf 89' lang='lat' dir='ltr'><strong>sordent</strong></span> <span class='ocrx_word' id='word_1_193' title='bbox 1655 2700 1981 2798; x_wconf 86' lang='lat' dir='ltr'><strong>antiquae</strong></span> <span class='ocrx_word' id='word_1_194' title='bbox 2022 2699 2288 2774; x_wconf 88' lang='lat' dir='ltr'><strong>litterae</strong></span> <span class='ocrx_word' id='word_1_195' title='bbox 2305 2758 2326 2788; x_wconf 92' lang='lat'><em>,</em></span> <span class='ocrx_word' id='word_1_196' title='bbox 2376 2698 2547 2798; x_wconf 92' lang='lat' dir='ltr'><strong>quin</strong></span> <span class='ocrx_word' id='word_1_197' title='bbox 2592 2699 2807 2774; x_wconf 90' lang='lat' dir='ltr'><strong>immo</strong></span> <span class='ocrx_word' id='word_1_198' title='bbox 2846 2700 3100 2776; x_wconf 88' lang='lat' dir='ltr'><strong>sensim</strong></span> <span class='ocrx_word' id='word_1_199' title='bbox 3142 2698 3589 2787; x_wconf 87' lang='lat' dir='ltr'><strong>deseruntur,</strong></span> <span class='ocrx_word' id='word_1_200' title='bbox 3618 2698 4229 2798; x_wconf 76' lang='lat' dir='ltr'><strong>relinquuntur-que</strong></span> 
     </span>
     <span class='ocr_line' id='line_1_19' title="bbox 1218 2817 4231 2920; baseline -0.002 -24"><span class='ocrx_word' id='word_1_201' title='bbox 1218 2819 1652 2920; x_wconf 86' lang='lat' dir='ltr'><strong>paucissimis</strong></span> <span class='ocrx_word' id='word_1_202' title='bbox 1713 2828 1786 2894; x_wconf 92' lang='lat' dir='ltr'><strong>et</strong></span> <span class='ocrx_word' id='word_1_203' title='bbox 1847 2820 1920 2893; x_wconf 91' lang='lat' dir='ltr'><strong>in</strong></span> <span class='ocrx_word' id='word_1_204' title='bbox 1991 2819 2139 2894; x_wconf 89' lang='lat' dir='ltr'><strong>dies</strong></span> <span class='ocrx_word' id='word_1_205' title='bbox 2197 2819 2657 2918; x_wconf 85' lang='lat' dir='ltr'><strong>paucioribus.</strong></span> <span class='ocrx_word' id='word_1_206' title='bbox 2758 2817 3094 2918; x_wconf 85' lang='lat' dir='ltr'><strong>Cogimur</strong></span> <span class='ocrx_word' id='word_1_207' title='bbox 3142 2819 3330 2894; x_wconf 90' lang='lat' dir='ltr'><strong>enim</strong></span> <span class='ocrx_word' id='word_1_208' title='bbox 3349 2875 3371 2907; x_wconf 91' lang='lat'>,</span> <span class='ocrx_word' id='word_1_209' title='bbox 3421 2825 3765 2917; x_wconf 89' lang='lat' dir='ltr'><strong>quotquot</strong></span> <span class='ocrx_word' id='word_1_210' title='bbox 3810 2818 3937 2893; x_wconf 88' lang='lat' dir='ltr'><strong>has</strong></span> <span class='ocrx_word' id='word_1_211' title='bbox 3986 2818 4231 2892; x_wconf 86' lang='lat' dir='ltr'><strong>litteras</strong></span> 
     </span>
     <span class='ocr_line' id='line_1_20' title="bbox 1219 2933 4239 3041; baseline -0.002 -26"><span class='ocrx_word' id='word_1_212' title='bbox 1219 2940 1576 3041; x_wconf 88' lang='lat' dir='ltr'><strong>diligimus</strong></span> <span class='ocrx_word' id='word_1_213' title='bbox 1594 3000 1613 3030; x_wconf 90' lang='lat'><em>,</em></span> <span class='ocrx_word' id='word_1_214' title='bbox 1683 2950 1763 3014; x_wconf 93' lang='lat' dir='ltr'><strong>ut</strong></span> <span class='ocrx_word' id='word_1_215' title='bbox 1823 2939 2028 3015; x_wconf 88' lang='lat' dir='ltr'><strong>multi</strong></span> <span class='ocrx_word' id='word_1_216' title='bbox 2097 2939 2348 3014; x_wconf 88' lang='lat' dir='ltr'><strong>laboris</strong></span> <span class='ocrx_word' id='word_1_217' title='bbox 2412 2937 2745 3039; x_wconf 87' lang='lat' dir='ltr'><strong>exiguum</strong></span> <span class='ocrx_word' id='word_1_218' title='bbox 2810 2962 3012 3038; x_wconf 87' lang='lat' dir='ltr'><strong>saepe</strong></span> <span class='ocrx_word' id='word_1_219' title='bbox 3078 2933 3385 3014; x_wconf 79' lang='lat' dir='ltr'><strong>fructum</strong></span> <span class='ocrx_word' id='word_1_220' title='bbox 3448 2936 3907 3038; x_wconf 86' lang='lat' dir='ltr'><strong>percipiamus</strong></span> <span class='ocrx_word' id='word_1_221' title='bbox 3924 2995 3945 3025; x_wconf 87' lang='lat'>,</span> <span class='ocrx_word' id='word_1_222' title='bbox 3998 2945 4074 3011; x_wconf 89' lang='lat' dir='ltr'><strong>et</strong></span> <span class='ocrx_word' id='word_1_223' title='bbox 4124 2935 4239 3009; x_wconf 86' lang='lat' dir='ltr'><strong>hoc</strong></span> 
     </span>
     <span class='ocr_line' id='line_1_21' title="bbox 1221 3057 4231 3161; baseline -0.002 -25"><span class='ocrx_word' id='word_1_224' title='bbox 1221 3085 1497 3161; x_wconf 89' lang='lat' dir='ltr'><strong>quoque</strong></span> <span class='ocrx_word' id='word_1_225' title='bbox 1563 3070 1724 3159; x_wconf 86' lang='lat' dir='ltr'><strong>post</strong></span> <span class='ocrx_word' id='word_1_226' title='bbox 1787 3084 2111 3135; x_wconf 90' lang='lat' dir='ltr'><strong>nummos</strong></span> <span class='ocrx_word' id='word_1_227' title='bbox 2173 3059 2338 3159; x_wconf 90' lang='lat' dir='ltr'><strong>poni</strong></span> <span class='ocrx_word' id='word_1_228' title='bbox 2401 3058 2593 3133; x_wconf 87' lang='lat' dir='ltr'><strong>solet.</strong></span> <span class='ocrx_word' id='word_1_229' title='bbox 2692 3058 2845 3133; x_wconf 90' lang='lat' dir='ltr'><strong>Nec</strong></span> <span class='ocrx_word' id='word_1_230' title='bbox 2893 3059 3043 3133; x_wconf 89' lang='lat' dir='ltr'><strong>iure</strong></span> <span class='ocrx_word' id='word_1_231' title='bbox 3088 3058 3330 3158; x_wconf 87' lang='lat' dir='ltr'><strong>negari</strong></span> <span class='ocrx_word' id='word_1_232' title='bbox 3368 3065 3633 3159; x_wconf 78' lang='lat' dir='ltr'><strong>potest,</strong></span> <span class='ocrx_word' id='word_1_233' title='bbox 3682 3057 3901 3133; x_wconf 87' lang='lat' dir='ltr'><strong>animi</strong></span> <span class='ocrx_word' id='word_1_234' title='bbox 3944 3057 4200 3131; x_wconf 89' lang='lat' dir='ltr'><strong>cultum</strong></span> <span class='ocrx_word' id='word_1_235' title='bbox 4215 3114 4231 3140; x_wconf 86' lang='lat'><em>,</em></span> 
     </span>
     <span class='ocr_line' id='line_1_22' title="bbox 1219 3172 4231 3281; baseline -0.002 -26"><span class='ocrx_word' id='word_1_236' title='bbox 1219 3198 1385 3257; x_wconf 78' lang='lat' dir='ltr'><strong>rem·</strong></span> <span class='ocrx_word' id='word_1_237' title='bbox 1417 3181 2074 3281; x_wconf 89' lang='lat' dir='ltr'><strong>praestantissimam</strong></span> <span class='ocrx_word' id='word_1_238' title='bbox 2123 3188 2194 3255; x_wconf 84' lang='lat' dir='ltr'><strong>et</strong></span> <span class='ocrx_word' id='word_1_239' title='bbox 2242 3178 2725 3278; x_wconf 84' lang='lat' dir='ltr'><strong>dignissimam</strong></span> <span class='ocrx_word' id='word_1_240' title='bbox 2770 3178 3035 3278; x_wconf 90' lang='lat' dir='ltr'><strong>optimo</strong></span> <span class='ocrx_word' id='word_1_241' title='bbox 3082 3204 3359 3279; x_wconf 89' lang='lat' dir='ltr'><strong>quoque</strong></span> <span class='ocrx_word' id='word_1_242' title='bbox 3377 3236 3400 3267; x_wconf 87' lang='lat'>‚</span> <span class='ocrx_word' id='word_1_243' title='bbox 3450 3178 3629 3253; x_wconf 86' lang='lat' dir='ltr'><strong>hanc</strong></span> <span class='ocrx_word' id='word_1_244' title='bbox 3675 3172 3905 3278; x_wconf 79' lang='lat' dir='ltr'><strong>ipsam</strong></span> <span class='ocrx_word' id='word_1_245' title='bbox 3946 3176 4041 3255; x_wconf 89' lang='lat' dir='ltr'><strong>ob</strong></span> <span class='ocrx_word' id='word_1_246' title='bbox 4088 3199 4231 3252; x_wconf 81' lang='lat' dir='ltr'><strong>cau-</strong></span> 
     </span>
     <span class='ocr_line' id='line_1_23' title="bbox 1221 3298 4237 3407; baseline -0.003 -29"><span class='ocrx_word' id='word_1_247' title='bbox 1221 3326 1370 3379; x_wconf 87' lang='lat' dir='ltr'><strong>sam</strong></span> <span class='ocrx_word' id='word_1_248' title='bbox 1411 3328 1572 3378; x_wconf 92' lang='lat' dir='ltr'><strong>cum</strong></span> <span class='ocrx_word' id='word_1_249' title='bbox 1623 3302 1826 3377; x_wconf 87' lang='lat' dir='ltr'><strong>turba</strong></span> <span class='ocrx_word' id='word_1_250' title='bbox 1842 3360 1862 3391; x_wconf 91' lang='lat'><em>,</em></span> <span class='ocrx_word' id='word_1_251' title='bbox 1913 3300 2334 3401; x_wconf 86' lang='lat' dir='ltr'><strong>profanoque</strong></span> <span class='ocrx_word' id='word_1_252' title='bbox 2387 3300 2595 3399; x_wconf 86' lang='lat' dir='ltr'><strong>vulgo</strong></span> <span class='ocrx_word' id='word_1_253' title='bbox 2638 3299 3132 3379; x_wconf 88' lang='lat' dir='ltr'><strong>communicari</strong></span> <span class='ocrx_word' id='word_1_254' title='bbox 3170 3322 3399 3397; x_wconf 88' lang='lat' dir='ltr'><strong>neque</strong></span> <span class='ocrx_word' id='word_1_255' title='bbox 3445 3298 3697 3373; x_wconf 90' lang='lat' dir='ltr'><strong>debere</strong></span> <span class='ocrx_word' id='word_1_256' title='bbox 3740 3320 3975 3407; x_wconf 79' lang='lat' dir='ltr'><strong>neque</strong></span> <span class='ocrx_word' id='word_1_257' title='bbox 4008 3318 4203 3396; x_wconf 84' lang='lat' dir='ltr'><strong>posse</strong></span> <span class='ocrx_word' id='word_1_258' title='bbox 4216 3350 4237 3380; x_wconf 87' lang='lat'>‚</span> 
     </span>
     <span class='ocr_line' id='line_1_24' title="bbox 1222 3416 4233 3517; baseline -0.003 -20"><span class='ocrx_word' id='word_1_259' title='bbox 1222 3448 1385 3498; x_wconf 90' lang='lat' dir='ltr'><strong>eum</strong></span> <span class='ocrx_word' id='word_1_260' title='bbox 1443 3424 1688 3497; x_wconf 87' lang='lat' dir='ltr'><strong>saltem</strong></span> <span class='ocrx_word' id='word_1_261' title='bbox 1741 3422 2213 3497; x_wconf 88' lang='lat' dir='ltr'><strong>sublimiorem</strong></span> <span class='ocrx_word' id='word_1_262' title='bbox 2232 3480 2252 3509; x_wconf 89' lang='lat'>,</span> <span class='ocrx_word' id='word_1_263' title='bbox 2317 3420 2406 3494; x_wconf 89' lang='lat' dir='ltr'><strong>de</strong></span> <span class='ocrx_word' id='word_1_264' title='bbox 2477 3442 2617 3517; x_wconf 90' lang='lat' dir='ltr'><strong>quo</strong></span> <span class='ocrx_word' id='word_1_265' title='bbox 2670 3442 2858 3493; x_wconf 90' lang='lat' dir='ltr'><strong>nunc</strong></span> <span class='ocrx_word' id='word_1_266' title='bbox 2910 3418 3205 3517; x_wconf 80' lang='lat' dir='ltr'><strong>agimus.</strong></span> <span class='ocrx_word' id='word_1_267' title='bbox 3325 3418 3509 3492; x_wconf 87' lang='lat' dir='ltr'><strong>Item</strong></span> <span class='ocrx_word' id='word_1_268' title='bbox 3566 3440 3807 3492; x_wconf 84' lang='lat' dir='ltr'><strong>verum</strong></span> <span class='ocrx_word' id='word_1_269' title='bbox 3868 3422 4013 3505; x_wconf 86' lang='lat' dir='ltr'><strong>est,</strong></span> <span class='ocrx_word' id='word_1_270' title='bbox 4064 3416 4233 3489; x_wconf 88' lang='lat' dir='ltr'><strong>hunc</strong></span> 
     </span>
     <span class='ocr_line' id='line_1_25' title="bbox 1223 3534 4237 3637; baseline -0.003 -21"><span class='ocrx_word' id='word_1_271' title='bbox 1223 3542 1437 3616; x_wconf 88' lang='lat' dir='ltr'><strong>animi</strong></span> <span class='ocrx_word' id='word_1_272' title='bbox 1478 3543 1746 3616; x_wconf 87' lang='lat' dir='ltr'><strong>cultum</strong></span> <span class='ocrx_word' id='word_1_273' title='bbox 1789 3542 2000 3616; x_wconf 85' lang='lat' dir='ltr'><strong>etiam</strong></span> <span class='ocrx_word' id='word_1_274' title='bbox 2055 3540 2334 3617; x_wconf 85' lang='lat' dir='ltr'><strong>aliunde</strong></span> <span class='ocrx_word' id='word_1_275' title='bbox 2379 3563 2592 3637; x_wconf 86' lang='lat' dir='ltr'><strong>quam</strong></span> <span class='ocrx_word' id='word_1_276' title='bbox 2632 3563 2719 3613; x_wconf 84' lang='lat' dir='ltr'><strong>ex</strong></span> <span class='ocrx_word' id='word_1_277' title='bbox 2768 3537 3013 3613; x_wconf 87' lang='lat' dir='ltr'><strong>litteris</strong></span> <span class='ocrx_word' id='word_1_278' title='bbox 3060 3536 3319 3613; x_wconf 89' lang='lat' dir='ltr'><strong>hauriri</strong></span> <span class='ocrx_word' id='word_1_279' title='bbox 3365 3562 3604 3636; x_wconf 86' lang='lat' dir='ltr'><strong>posse,</strong></span> <span class='ocrx_word' id='word_1_280' title='bbox 3652 3544 3727 3611; x_wconf 91' lang='lat' dir='ltr'><strong>et</strong></span> <span class='ocrx_word' id='word_1_281' title='bbox 3780 3560 3869 3611; x_wconf 85' lang='lat' dir='ltr'><strong>ex</strong></span> <span class='ocrx_word' id='word_1_282' title='bbox 3920 3534 4237 3611; x_wconf 86' lang='lat' dir='ltr'><strong>recentio-</strong></span> 
     </span>
     <span class='ocr_line' id='line_1_26' title="bbox 1223 3656 4233 3758; baseline -0.002 -23"><span class='ocrx_word' id='word_1_283' title='bbox 1223 3662 1416 3746; x_wconf 88' lang='lat' dir='ltr'><strong>ribus</strong></span> <span class='ocrx_word' id='word_1_284' title='bbox 1469 3667 1550 3735; x_wconf 88' lang='lat' dir='ltr'><strong>ut</strong></span> <span class='ocrx_word' id='word_1_285' title='bbox 1597 3686 1682 3735; x_wconf 85' lang='lat' dir='ltr'><strong>ex</strong></span> <span class='ocrx_word' id='word_1_286' title='bbox 1729 3660 2072 3758; x_wconf 83' lang='lat' dir='ltr'><strong>antiquis;</strong></span> <span class='ocrx_word' id='word_1_287' title='bbox 2144 3659 2395 3734; x_wconf 87' lang='lat' dir='ltr'><strong>deinde</strong></span> <span class='ocrx_word' id='word_1_288' title='bbox 2438 3658 2589 3757; x_wconf 86' lang='lat' dir='ltr'><strong>ipsa</strong></span> <span class='ocrx_word' id='word_1_289' title='bbox 2638 3682 2871 3733; x_wconf 89' lang='lat' dir='ltr'><strong>rerum</strong></span> <span class='ocrx_word' id='word_1_290' title='bbox 2926 3664 3177 3732; x_wconf 88' lang='lat' dir='ltr'><strong>natura</strong></span> <span class='ocrx_word' id='word_1_291' title='bbox 3232 3656 3499 3733; x_wconf 85' lang='lat' dir='ltr'><strong>affatim</strong></span> <span class='ocrx_word' id='word_1_292' title='bbox 3542 3656 3831 3756; x_wconf 89' lang='lat' dir='ltr'><strong>praebet</strong></span> <span class='ocrx_word' id='word_1_293' title='bbox 3878 3678 4233 3755; x_wconf 84' lang='lat' dir='ltr'><strong>argumen-</strong></span> 
     </span>
     <span class='ocr_line' id='line_1_27' title="bbox 1225 3768 4237 3878; baseline -0.003 -23"><span class='ocrx_word' id='word_1_294' title='bbox 1225 3789 1452 3855; x_wconf 88' lang='lat' dir='ltr'><strong>torum</strong></span> <span class='ocrx_word' id='word_1_295' title='bbox 1470 3839 1490 3868; x_wconf 89' lang='lat'>,</span> <span class='ocrx_word' id='word_1_296' title='bbox 1558 3805 1736 3878; x_wconf 87' lang='lat' dir='ltr'><strong>quae</strong></span> <span class='ocrx_word' id='word_1_297' title='bbox 1793 3804 2022 3854; x_wconf 88' lang='lat' dir='ltr'><strong>osores</strong></span> <span class='ocrx_word' id='word_1_298' title='bbox 2085 3777 2220 3853; x_wconf 87' lang='lat' dir='ltr'><strong>nisi</strong></span> <span class='ocrx_word' id='word_1_299' title='bbox 2263 3780 2660 3877; x_wconf 88' lang='lat' dir='ltr'><strong>ignorantes</strong></span> <span class='ocrx_word' id='word_1_300' title='bbox 2718 3778 2860 3852; x_wconf 85' lang='lat' dir='ltr'><strong>fere</strong></span> <span class='ocrx_word' id='word_1_301' title='bbox 2908 3800 3047 3851; x_wconf 90' lang='lat' dir='ltr'><strong>non</strong></span> <span class='ocrx_word' id='word_1_302' title='bbox 3096 3776 3355 3853; x_wconf 88' lang='lat' dir='ltr'><strong>habent</strong></span> <span class='ocrx_word' id='word_1_303' title='bbox 3374 3834 3394 3865; x_wconf 88' lang='lat'>‚</span> <span class='ocrx_word' id='word_1_304' title='bbox 3440 3783 3512 3851; x_wconf 90' lang='lat' dir='ltr'><strong>et</strong></span> <span class='ocrx_word' id='word_1_305' title='bbox 3554 3774 3815 3874; x_wconf 90' lang='lat' dir='ltr'><strong>quibus</strong></span> <span class='ocrx_word' id='word_1_306' title='bbox 3862 3768 3967 3849; x_wconf 83' lang='lat' dir='ltr'><strong>vel</strong></span> <span class='ocrx_word' id='word_1_307' title='bbox 4010 3773 4237 3849; x_wconf 79' lang='lat' dir='ltr'><strong>leviter</strong></span> 
     </span>
     <span class='ocr_line' id='line_1_28' title="bbox 1229 3892 4245 3995; baseline -0.004 -18"><span class='ocrx_word' id='word_1_308' title='bbox 1229 3899 1548 3977; x_wconf 89' lang='lat' dir='ltr'><strong>tenendis</strong></span> <span class='ocrx_word' id='word_1_309' title='bbox 1613 3926 1750 3975; x_wconf 89' lang='lat' dir='ltr'><strong>non</strong></span> <span class='ocrx_word' id='word_1_310' title='bbox 1817 3900 2156 3973; x_wconf 88' lang='lat' dir='ltr'><strong>sufficeret</strong></span> <span class='ocrx_word' id='word_1_311' title='bbox 2225 3897 2577 3973; x_wconf 89' lang='lat' dir='ltr'><strong>tantillum</strong></span> <span class='ocrx_word' id='word_1_312' title='bbox 2642 3896 2771 3971; x_wconf 93' lang='lat' dir='ltr'><strong>hoc</strong></span> <span class='ocrx_word' id='word_1_313' title='bbox 2833 3896 3009 3971; x_wconf 89' lang='lat' dir='ltr'><strong>vitae</strong></span> <span class='ocrx_word' id='word_1_314' title='bbox 3058 3896 3403 3972; x_wconf 88' lang='lat' dir='ltr'><strong>humanae</strong></span> <span class='ocrx_word' id='word_1_315' title='bbox 3468 3894 3794 3995; x_wconf 85' lang='lat' dir='ltr'><strong>spatium.</strong></span> <span class='ocrx_word' id='word_1_316' title='bbox 3894 3894 4144 3981; x_wconf 87' lang='lat' dir='ltr'><strong>Porro,</strong></span> <span class='ocrx_word' id='word_1_317' title='bbox 4194 3892 4245 3967; x_wconf 88' lang='lat' dir='ltr'><strong>si</strong></span> 
     </span>
     <span class='ocr_line' id='line_1_29' title="bbox 1227 4012 4235 4118; baseline -0.004 -22"><span class='ocrx_word' id='word_1_318' title='bbox 1227 4020 1398 4097; x_wconf 87' lang='lat' dir='ltr'><strong>haec</strong></span> <span class='ocrx_word' id='word_1_319' title='bbox 1453 4020 1688 4095; x_wconf 88' lang='lat' dir='ltr'><strong>omnia</strong></span> <span class='ocrx_word' id='word_1_320' title='bbox 1727 4021 1818 4095; x_wconf 91' lang='lat' dir='ltr'><strong>ad</strong></span> <span class='ocrx_word' id='word_1_321' title='bbox 1865 4018 2098 4095; x_wconf 88' lang='lat' dir='ltr'><strong>studia</strong></span> <span class='ocrx_word' id='word_1_322' title='bbox 2150 4018 2415 4118; x_wconf 87' lang='lat' dir='ltr'><strong>privata</strong></span> <span class='ocrx_word' id='word_1_323' title='bbox 2433 4075 2453 4106; x_wconf 88' lang='lat'>‚</span> <span class='ocrx_word' id='word_1_324' title='bbox 2504 4027 2575 4091; x_wconf 91' lang='lat' dir='ltr'><strong>et</strong></span> <span class='ocrx_word' id='word_1_325' title='bbox 2615 4016 3002 4115; x_wconf 89' lang='lat' dir='ltr'><strong>elegantem</strong></span> <span class='ocrx_word' id='word_1_326' title='bbox 3051 4016 3487 4115; x_wconf 88' lang='lat' dir='ltr'><strong>ingeniorum</strong></span> <span class='ocrx_word' id='word_1_327' title='bbox 3532 4013 4060 4089; x_wconf 85' lang='lat' dir='ltr'><strong>oblectationem</strong></span> <span class='ocrx_word' id='word_1_328' title='bbox 4106 4012 4235 4086; x_wconf 82' lang='lat' dir='ltr'><strong>exi·</strong></span> 
     </span>
     <span class='ocr_line' id='line_1_30' title="bbox 1230 4126 4245 4240; baseline -0.005 -24"><span class='ocrx_word' id='word_1_329' title='bbox 1230 4142 1458 4240; x_wconf 89' lang='lat' dir='ltr'><strong>genda</strong></span> <span class='ocrx_word' id='word_1_330' title='bbox 1513 4146 1718 4228; x_wconf 89' lang='lat' dir='ltr'><strong>sunt,</strong></span> <span class='ocrx_word' id='word_1_331' title='bbox 1778 4163 1918 4214; x_wconf 90' lang='lat' dir='ltr'><strong>non</strong></span> <span class='ocrx_word' id='word_1_332' title='bbox 1983 4126 2219 4226; x_wconf 47' lang='lat' dir='ltr'><strong>video,&#39;</strong></span> <span class='ocrx_word' id='word_1_333' title='bbox 2289 4135 2463 4236; x_wconf 89' lang='lat' dir='ltr'><strong>quid</strong></span> <span class='ocrx_word' id='word_1_334' title='bbox 2521 4136 2735 4211; x_wconf 87' lang='lat' dir='ltr'><strong>altera</strong></span> <span class='ocrx_word' id='word_1_335' title='bbox 2791 4159 2903 4210; x_wconf 87' lang='lat' dir='ltr'><strong>ars</strong></span> <span class='ocrx_word' id='word_1_336' title='bbox 2968 4135 3165 4210; x_wconf 87' lang='lat' dir='ltr'><strong>alteri</strong></span> <span class='ocrx_word' id='word_1_337' title='bbox 3212 4141 3531 4235; x_wconf 88' lang='lat' dir='ltr'><strong>praestet.</strong></span> <span class='ocrx_word' id='word_1_338' title='bbox 3633 4134 3839 4213; x_wconf 88' lang='lat' dir='ltr'><strong>Quae</strong></span> <span class='ocrx_word' id='word_1_339' title='bbox 3894 4130 4131 4206; x_wconf 86' lang='lat' dir='ltr'><strong>omnia</strong></span> <span class='ocrx_word' id='word_1_340' title='bbox 4190 4129 4245 4201; x_wconf 82' lang='lat' dir='ltr'><strong>si</strong></span> 
     </span>
     <span class='ocr_line' id='line_1_31' title="bbox 1227 4251 4241 4360; baseline -0.004 -24"><span class='ocrx_word' id='word_1_341' title='bbox 1227 4284 1638 4360; x_wconf 88' lang='lat' dir='ltr'><strong>negaremus</strong></span> <span class='ocrx_word' id='word_1_342' title='bbox 1656 4317 1676 4348; x_wconf 91' lang='lat'><em>,</em></span> <span class='ocrx_word' id='word_1_343' title='bbox 1743 4267 1823 4335; x_wconf 91' lang='lat' dir='ltr'><strong>ut</strong></span> <span class='ocrx_word' id='word_1_344' title='bbox 1884 4283 2072 4334; x_wconf 91' lang='lat' dir='ltr'><strong>nunc</strong></span> <span class='ocrx_word' id='word_1_345' title='bbox 2128 4256 2421 4333; x_wconf 88' lang='lat' dir='ltr'><strong>candide</strong></span> <span class='ocrx_word' id='word_1_346' title='bbox 2484 4254 2820 4345; x_wconf 85' lang='lat' dir='ltr'><strong>fatemur,</strong></span> <span class='ocrx_word' id='word_1_347' title='bbox 2865 4279 3005 4330; x_wconf 91' lang='lat' dir='ltr'><strong>non</strong></span> <span class='ocrx_word' id='word_1_348' title='bbox 3054 4280 3422 4354; x_wconf 86' lang='lat' dir='ltr'><strong>possemus</strong></span> <span class='ocrx_word' id='word_1_349' title='bbox 3470 4264 3701 4330; x_wconf 85' lang='lat' dir='ltr'><strong>tamen</strong></span> <span class='ocrx_word' id='word_1_350' title='bbox 3750 4252 3953 4328; x_wconf 85' lang='lat' dir='ltr'><strong>hosce</strong></span> <span class='ocrx_word' id='word_1_351' title='bbox 3992 4251 4241 4326; x_wconf 87' lang='lat' dir='ltr'><strong>fluctus</strong></span> 
     </span>
     <span class='ocr_line' id='line_1_32' title="bbox 1233 4370 4241 4479; baseline -0.004 -24"><span class='ocrx_word' id='word_1_352' title='bbox 1233 4380 1535 4479; x_wconf 87' lang='lat' dir='ltr'><strong>effugere</strong></span> <span class='ocrx_word' id='word_1_353' title='bbox 1557 4438 1578 4469; x_wconf 90' lang='lat'>,</span> <span class='ocrx_word' id='word_1_354' title='bbox 1647 4380 1771 4479; x_wconf 92' lang='lat' dir='ltr'><strong>qui</strong></span> <span class='ocrx_word' id='word_1_355' title='bbox 1831 4378 2086 4454; x_wconf 91' lang='lat' dir='ltr'><strong>invicta</strong></span> <span class='ocrx_word' id='word_1_356' title='bbox 2143 4395 2328 4453; x_wconf 89' lang='lat' dir='ltr'><strong>nunc</strong></span> <span class='ocrx_word' id='word_1_357' title='bbox 2399 4376 2467 4450; x_wconf 86' lang='lat' dir='ltr'><strong>vi</strong></span> <span class='ocrx_word' id='word_1_358' title='bbox 2514 4374 2909 4474; x_wconf 87' lang='lat' dir='ltr'><strong>splendidas</strong></span> <span class='ocrx_word' id='word_1_359' title='bbox 2960 4374 3127 4451; x_wconf 92' lang='lat' dir='ltr'><strong>olim</strong></span> <span class='ocrx_word' id='word_1_360' title='bbox 3179 4384 3448 4453; x_wconf 87' lang='lat' dir='ltr'><strong>nostras</strong></span> <span class='ocrx_word' id='word_1_361' title='bbox 3464 4434 3487 4465; x_wconf 89' lang='lat'>,</span> <span class='ocrx_word' id='word_1_362' title='bbox 3534 4382 3607 4449; x_wconf 81' lang='lat' dir='ltr'><strong>et</strong></span> <span class='ocrx_word' id='word_1_363' title='bbox 3648 4373 3949 4449; x_wconf 88' lang='lat' dir='ltr'><strong>excelsas</strong></span> <span class='ocrx_word' id='word_1_364' title='bbox 3991 4370 4241 4445; x_wconf 82' lang='lat' dir='ltr'><strong>litteras</strong></span> 
     </span>
     <span class='ocr_line' id='line_1_33' title="bbox 1233 4484 4235 4598; baseline -0.005 -23"><span class='ocrx_word' id='word_1_365' title='bbox 1233 4500 1567 4575; x_wconf 88' lang='lat' dir='ltr'><strong>deiiciunt</strong></span> <span class='ocrx_word' id='word_1_366' title='bbox 1586 4558 1606 4588; x_wconf 92' lang='lat'>,</span> <span class='ocrx_word' id='word_1_367' title='bbox 1672 4506 1752 4573; x_wconf 91' lang='lat' dir='ltr'><strong>ut</strong></span> <span class='ocrx_word' id='word_1_368' title='bbox 1809 4498 2096 4598; x_wconf 87' lang='lat' dir='ltr'><strong>quidam</strong></span> <span class='ocrx_word' id='word_1_369' title='bbox 2147 4484 2231 4573; x_wconf 57' lang='lat' dir='ltr'><strong>&#39;et</strong></span> <span class='ocrx_word' id='word_1_370' title='bbox 2295 4496 2535 4571; x_wconf 84' lang='lat' dir='ltr'><strong>volunt</strong></span> <span class='ocrx_word' id='word_1_371' title='bbox 2594 4504 2666 4571; x_wconf 92' lang='lat' dir='ltr'><strong>et</strong></span> <span class='ocrx_word' id='word_1_372' title='bbox 2708 4495 3003 4571; x_wconf 87' lang='lat' dir='ltr'><strong>credunt</strong></span> <span class='ocrx_word' id='word_1_373' title='bbox 3018 4554 3039 4585; x_wconf 93' lang='lat'>‚</span> <span class='ocrx_word' id='word_1_374' title='bbox 3096 4520 3320 4597; x_wconf 89' lang='lat' dir='ltr'><strong>usque</strong></span> <span class='ocrx_word' id='word_1_375' title='bbox 3370 4497 3447 4571; x_wconf 91' lang='lat' dir='ltr'><strong>in</strong></span> <span class='ocrx_word' id='word_1_376' title='bbox 3492 4490 3855 4571; x_wconf 83' lang='lat' dir='ltr'><strong>oblivionis</strong></span> <span class='ocrx_word' id='word_1_377' title='bbox 3903 4488 4235 4564; x_wconf 84' lang='lat' dir='ltr'><strong>vorticem.</strong></span> 
     </span>
     <span class='ocr_line' id='line_1_34' title="bbox 1239 4614 3150 4717; baseline -0.006 -17"><span class='ocrx_word' id='word_1_378' title='bbox 1239 4621 1419 4700; x_wconf 83' lang='lat' dir='ltr'><strong>Quis</strong></span> <span class='ocrx_word' id='word_1_379' title='bbox 1465 4620 1592 4695; x_wconf 89' lang='lat' dir='ltr'><strong>scit</strong></span> <span class='ocrx_word' id='word_1_380' title='bbox 1607 4678 1627 4709; x_wconf 86' lang='lat'><em>‚</em></span> <span class='ocrx_word' id='word_1_381' title='bbox 1675 4643 1766 4693; x_wconf 86' lang='lat' dir='ltr'><strong>an</strong></span> <span class='ocrx_word' id='word_1_382' title='bbox 1815 4642 1978 4694; x_wconf 83' lang='lat' dir='ltr'><strong>mox</strong></span> <span class='ocrx_word' id='word_1_383' title='bbox 2022 4618 2196 4693; x_wconf 84' lang='lat' dir='ltr'><strong>forte</strong></span> <span class='ocrx_word' id='word_1_384' title='bbox 2241 4616 2413 4717; x_wconf 88' lang='lat' dir='ltr'><strong>ipsis</strong></span> <span class='ocrx_word' id='word_1_385' title='bbox 2457 4615 2962 4715; x_wconf 88' lang='lat' dir='ltr'><strong>resurgendum</strong></span> <span class='ocrx_word' id='word_1_386' title='bbox 3010 4614 3150 4690; x_wconf 78' lang='lat' dir='ltr'><strong>sit?</strong></span> 
     </span>
    </p>

    <p class='ocr_par' dir='ltr' id='par_1_3' title="bbox 1164 4716 4302 4839">
     <span class='ocr_line' id='line_1_35' title="bbox 1164 4716 4302 4839; baseline -0.004 -26"><span class='ocrx_word' id='word_1_387' title='bbox 1164 4779 1207 4794; x_wconf 90' lang='lat'><strong>·-</strong></span> <span class='ocrx_word' id='word_1_388' title='bbox 1337 4739 1592 4815; x_wconf 86' lang='lat' dir='ltr'><strong>Omnia</strong></span> <span class='ocrx_word' id='word_1_389' title='bbox 1663 4739 1830 4817; x_wconf 86' lang='lat' dir='ltr'><strong>haec</strong></span> <span class='ocrx_word' id='word_1_390' title='bbox 1888 4738 2104 4839; x_wconf 79' lang='lat' dir='ltr'><strong>igitur</strong></span> <span class='ocrx_word' id='word_1_391' title='bbox 2157 4737 2251 4813; x_wconf 88' lang='lat' dir='ltr'><strong>ad</strong></span> <span class='ocrx_word' id='word_1_392' title='bbox 2306 4760 2621 4813; x_wconf 89' lang='lat' dir='ltr'><strong>normam</strong></span> <span class='ocrx_word' id='word_1_393' title='bbox 2668 4734 3085 4813; x_wconf 86' lang='lat' dir='ltr'><strong>hodiernam.</strong></span> <span class='ocrx_word' id='word_1_394' title='bbox 3119 4734 3480 4836; x_wconf 78' lang='lat' dir='ltr'><strong>exegimus</strong></span> <span class='ocrx_word' id='word_1_395' title='bbox 3496 4790 3519 4827; x_wconf 86' lang='lat'><em>,</em></span> <span class='ocrx_word' id='word_1_396' title='bbox 3568 4739 3641 4810; x_wconf 89' lang='lat' dir='ltr'><strong>et</strong></span> <span class='ocrx_word' id='word_1_397' title='bbox 3682 4731 3760 4807; x_wconf 87' lang='lat' dir='ltr'><strong>id</strong></span> <span class='ocrx_word' id='word_1_398' title='bbox 3806 4728 3967 4807; x_wconf 83' lang='lat' dir='ltr'><strong>fassi</strong></span> <span class='ocrx_word' id='word_1_399' title='bbox 4002 4746 4241 4802; x_wconf 85' lang='lat' dir='ltr'><strong>sumus</strong></span> <span class='ocrx_word' id='word_1_400' title='bbox 4268 4716 4302 4749; x_wconf 70' lang='lat'>⁸</span> 
     </span>
    </p>
   </div>
   <div class='ocr_carea' id='block_1_3' title="bbox 4545 0 4563 2084">
    <p class='ocr_par' dir='ltr' id='par_1_4' title="bbox 4545 0 4563 2084">
     <span class='ocr_line' id='line_1_36' title="bbox 4545 0 4563 2084; baseline 0 0"><span class='ocrx_word' id='word_1_401' title='bbox 4545 0 4563 2084; x_wconf 95' lang='lat' dir='ltr'><strong> </strong></span> 
     </span>
    </p>
   </div>
   <div class='ocr_carea' id='block_1_4' title="bbox 4546 2353 4561 4009">
    <p class='ocr_par' dir='ltr' id='par_1_5' title="bbox 4546 2353 4561 4009">
     <span class='ocr_line' id='line_1_37' title="bbox 4546 2353 4561 4009; baseline 0 0"><span class='ocrx_word' id='word_1_402' title='bbox 4546 2353 4561 4009; x_wconf 95' lang='lat' dir='ltr'><strong> </strong></span> 
     </span>
    </p>
   </div>
   <div class='ocr_carea' id='block_1_5' title="bbox 4550 4201 4557 4721">
    <p class='ocr_par' dir='ltr' id='par_1_6' title="bbox 4550 4201 4557 4721">
     <span class='ocr_line' id='line_1_38' title="bbox 4550 4201 4557 4721; baseline 0 0"><span class='ocrx_word' id='word_1_403' title='bbox 4550 4201 4557 4721; x_wconf 95' lang='lat' dir='ltr'><strong> </strong></span> 
     </span>
    </p>
   </div>
  </div>
 </body>
</html>
