4766 6034
1033 609 1117 675 86
2090 609 2163 673 Α.
2250 609 3008 675 NIERMEYER

1028 840 1169 891 non
1228 815 1481 891 addere
1538 819 1857 901 conatur,
1920 813 2027 888 vel
2076 840 2193 890 eos
2237 817 2522 891 omnino
2572 817 2751 890 male
2794 816 3010 915 regit,
3059 842 3273 915 quam
3313 817 3554 892 multis
3593 818 3810 918 igitur
3851 819 4066 893 homi-

990 928 997 934 ’
1028 936 1277 1024 nibus,
1327 935 1514 1034 turpi
1556 935 1705 1009 eius
1744 934 2074 1034 segnitie,
2124 936 2399 1011 inscitia
2436 945 2560 1012 aut
2596 936 3086 1035 incogitantia,
3133 936 3388 1012 desunt
3422 938 3717 1026 auxilia,
3751 939 4065 1027 consilia,

1025 1058 1505 1144 incitamenta,
1569 1055 1810 1129 solatia
1871 1055 2239 1130 utilissima
2258 1089 2278 1145 ;
2345 1081 2558 1156 quam
2624 1056 2831 1130 multi
2879 1057 3032 1130 eius
3073 1057 3278 1156 culpa
3324 1058 3544 1156 perire
3590 1061 3921 1158 possunt!
3995 1061 4072 1133 Si

1025 1177 1278 1265 nescit,
1340 1176 1689 1275 quomodo
1750 1176 2185 1250 auditoribus
2244 1177 2404 1274 pius
2459 1176 2594 1250 Dei
2645 1175 2878 1250 cultus
2923 1177 3514 1251 commendandus
3573 1179 4068 1278 Euangelium-

1024 1321 1161 1396 que
1205 1321 1330 1395 pro
1373 1321 1611 1370 eorum
1658 1296 1977 1396 ingenie,
2027 1296 2261 1394 indole
2282 1355 2301 1385 ,
2350 1297 2745 1372 conditione
2792 1297 3350 1372 annuntiandum
3403 1298 3530 1384 sit,
3583 1298 3690 1371 vel
3733 1297 3832 1386 si,
3882 1300 4071 1398 quod

1022 1418 1241 1491 multo
1308 1418 1507 1517 peius
1572 1426 1719 1505 est,
1790 1417 1862 1489 in
1930 1415 2081 1490 eius
2142 1418 2651 1516 praedicatione
2712 1419 2788 1492 id
2859 1425 3134 1492 tantum
3199 1418 3385 1516 agit,
3453 1429 3536 1491 ut
3595 1418 3888 1494 facultas
3945 1443 4070 1492 sua

1019 1537 1312 1613 oratoria
1380 1537 1770 1625 elucescat,
1842 1535 2129 1611 fortasse
2194 1537 2721 1612 admirationem
2790 1537 2900 1612 sui
2962 1536 3330 1624 excitabit,
3393 1537 3519 1610 sed
3583 1537 3932 1612 neminem
3978 1539 4066 1612 ad

1020 1657 1483 1732 Christum
1530 1657 1897 1756 perducet,
1946 1681 2036 1730 ne
2078 1656 2303 1731 dicam
2341 1657 2415 1730 in
2459 1657 2819 1731 Christi
2861 1658 3004 1732 fide
3047 1656 3500 1731 confirmabit.
3579 1657 3776 1740 Quid
3821 1659 4066 1756 plura?

1014 1779 1368 1852 Praeclare
1418 1777 1594 1876 iuud
1643 1776 1894 1851 Pauli
1930 1777 2249 1876 Apostoli
2292 1776 2579 1852 effatum
2602 1836 2621 1866 ,
2673 1802 2814 1877 quo
2853 1801 2926 1852 se
2982 1801 3292 1876 npurum
3325 1776 3642 1851 omnium
3675 1780 4066 1876 sanquinia''

1015 1898 1389 1972 declararet
1436 1900 1496 1988 ¹)
1522 1955 1541 1985 ,
1601 1897 1969 1997 Euangelii
2017 1896 2425 1972 Ministrum
2445 1957 2465 1986 ,
2517 1897 2787 1972 Munus
2843 1899 3024 1972 male
3071 1905 3428 1997 gerentem
3452 1956 3471 1985 ,
3527 1897 3617 1971 ad
3667 1923 3742 1971 se
3790 1921 4065 1973 conver·

1012 2025 1159 2090 tere
1197 2041 1338 2092 non
1378 2041 1579 2114 posse
1598 2074 1618 2104 ,
1670 2041 1756 2091 ex
1801 2016 2005 2091 dictis
2052 2017 2251 2092 facile
2300 2017 2753 2117 intelligetur.
2803 2018 3010 2108 Quod
3049 2005 3274 2117 quum
3324 2017 3424 2092 ita
3474 2017 3602 2106 sit,
3641 2018 4024 2112 Auditores
4043 2077 4063 2105 ,

1014 2137 1311 2236 quisque
1374 2143 1737 2236 agnoscet,
1803 2160 2130 2235 magnam
2184 2136 2505 2212 Muneris
2553 2135 2744 2212 Sacri
2784 2137 3192 2238 gravitatem
3240 2161 3675 2235 summopere
3718 2137 4088 2237 flagitare„

1012 2265 1092 2330 ut
1140 2257 1313 2332 illud
1361 2267 1547 2332 recte
1594 2264 1895 2356 geratur.

1103 2497 1210 2570 Eo
1273 2504 1510 2572 autem
1576 2520 1798 2596 quum
1844 2495 2257 2596 Theologiae
2304 2497 2655 2572 Practicae
2711 2497 3025 2572 studium
3044 2554 3063 2583 ,
3115 2505 3199 2570 ut
3242 2497 3542 2570 vidimus
3563 2553 3583 2584 ,
3631 2497 4022 2594 requiratur
4039 2557 4060 2586 ,

1005 2624 1321 2714 apertum
1388 2626 1536 2706 est,
1600 2615 1847 2717 quanti
1909 2617 2239 2715 ponderis
2308 2617 2401 2690 sit
2419 2676 2440 2707 ,
2509 2617 2825 2716 quemvis
2873 2615 3192 2691 futurum
3247 2616 3615 2716 Euangelii
3655 2617 4058 2692 Ministrum

1004 2735 1179 2810 nihil
1224 2738 1528 2816 sanctius
1574 2737 1862 2826 habere,
1912 2763 2128 2836 quam
2166 2745 2247 2812 ut
2292 2737 2396 2812 illi
2441 2762 2722 2836 operam
2759 2744 2966 2812 navet
3001 2735 3628 2835 diligentissimam.
3703 2737 3790 2810 In
3820 2761 4060 2811 omnes

1006 2857 1418 2957 Theologiae
1494 2865 1723 2958 partes
1790 2859 2191 2934 incumbere
2269 2859 2520 2946 debet,
2593 2857 2670 2932 in
2745 2857 2927 2930 hanc
2986 2857 3352 2954 praecipue
3371 2914 3392 2944 ,
3463 2879 3870 2955 persuasum
3925 2857 4057 2932 sibi

1002 2975 1266 3053 habens
1333 3001 1493 3054 cum
1574 2978 2422 3055 Schleiermache-ro
2487 2981 2596 3071 ²):
2670 2977 3115 3077 Theologiam
3186 2976 3570 3053 Practicam
3642 2977 4046 3077 primarium

999 3095 1181 3172 inter
1231 3107 1463 3198 partes
1512 3098 1665 3175 illas
1714 3098 2026 3175 obtinere
2074 3100 2303 3174 locum
2350 3122 2646 3199 eamque
2695 3098 2910 3173 veluti
2958 3096 3220 3171 arboris
3267 3121 3418 3207 esse
3467 3120 3811 3171 coronam.
3901 3184 3918 3193 ,

1098 3573 1430 3647 Oratione
1500 3572 1589 3647 de
1650 3573 2062 3675 Theologiae
2118 3576 2470 3650 Practicae
2517 3574 2752 3649 studio
2800 3574 2892 3649 ad
2933 3574 3146 3649 finem
3193 3575 3526 3673 perducta
3545 3633 3565 3662 ,
3613 3598 3836 3674 pauca
3875 3573 4042 3649 mihi

937 3726 945 3731 ·
997 3691 1293 3767 dicenda
1341 3701 1735 3791 supersunt.

1092 3812 1409 3886 Primum
1493 3820 1771 3912 gratum
1848 3838 2083 3889 meum
2156 3814 2470 3887 animum
2537 3811 2924 3912 significare
3002 3812 3270 3888 licitum
3337 3814 3430 3888 sit
3501 3813 3720 3889 Vobis
3745 3872 3762 3902 ,
3845 3812 4038 3885 Viri

993 3929 1636 4020 Nobilissimi,
1700 3933 2321 4033 Amplissimi,
2382 3932 2660 4007 huius
2717 3933 3268 4008 Academiae
3325 3933 3859 4009 Curatores!
3913 3954 4038 4029 pro

995 4051 1255 4125 honore
1302 4043 1599 4151 insigni,
1652 4054 1775 4151 qui
1794 4112 1814 4141 ,
1864 4053 2082 4128 Vobis
2130 4053 2530 4127 auctoribus
2550 4110 2572 4143 ,
2620 4079 2663 4129 a
2712 4055 2910 4153 Rege
2953 4064 3190 4129 nostro
3233 4054 3754 4153 Angustissimo
3792 4052 3884 4126 ad
3923 4074 4038 4124 me

992 4171 1265 4245 delatus
1330 4178 1455 4247 est.
1558 4171 1844 4265 Lubens
1906 4175 2237 4247 confiteor
2255 4232 2276 4262 ,
2346 4173 2557 4249 verba
2613 4175 2789 4250 mihi
2837 4174 3076 4249 deesse
3094 4232 3114 4263 ,
3164 4174 3424 4274 quibus
3471 4182 3768 4272 quantas
3817 4170 4036 4245 debeo

989 4292 1248 4391 gratias
1300 4292 1523 4366 Vobis
1579 4317 1823 4392 agam3
1887 4301 1962 4367 at
2014 4292 2291 4391 publice
2342 4318 2732 4370 asseverare
2775 4295 3012 4369 nullus
3061 4293 3309 4367 dubito
3331 4352 3350 4381 ,
3399 4300 3668 4392 gratam
3717 4289 4032 4389 benigni-

988 4413 1153 4487 tatis
1212 4413 1499 4489 Vestrae
1554 4424 1718 4512 erg'a
1766 4436 1882 4487 me
1930 4414 2474 4489 recordationem
2524 4414 2696 4490 dum
2744 4415 2970 4488 vivam
3021 4413 3268 4488 intimo
3321 4421 3594 4513 pectore
3643 4436 3798 4487 meo
3845 4410 4030 4484 inco·

1072 4700 1123 4774 ¹)
1186 4702 1311 4759 Art.
1350 4701 1481 4759 XX.
1528 4706 1623 4762 26.

1074 4794 1129 4868 ³)
1190 4794 1259 4853 In
1300 4795 1478 4856 libro:
1522 4798 1707 4856 Kurze
1747 4800 2020 4858 Daretell.
2060 4800 2113 4859 d.
2154 4801 2321 4859 theol.
2362 4800 2522 4859 Scnd.
2561 4798 2744 4859 Berol.
2793 4802 2968 4861 1811.
