4766 6034
1983 617 2537 688 ORATIO.
3694 625 3777 690 21

751 829 988 930 Hujus
1039 828 1256 904 animi
1298 827 1542 903 sensus
1589 826 1844 903 indicio
1889 828 2023 903 tibi
2069 829 2211 904 sint
2265 831 2585 915 Ordinis,
2656 853 2697 902 a
2750 827 3056 905 Canono
3103 829 3290 903 IIItio
3334 829 3502 904 dicti
3521 887 3543 917 ,
3608 829 3775 906 insi-

747 951 914 1049 gnia
934 1007 955 1038 ‚
1005 949 1262 1048 quibus
1311 947 1694 1046 Hispaniae
1738 947 2012 1045 Regina
2061 955 2130 1023 te
2180 949 2483 1024 donavit.

639 1081 648 1088 ’
844 1070 996 1144 Nec
1057 1076 1128 1142 te
1188 1093 1328 1144 non
1374 1068 1752 1144 salutatum
1791 1067 2081 1142 transire
2130 1092 2417 1167 possum
2436 1126 2457 1155 ,
2509 1068 2614 1142 Cl.
2668 1068 2997 1143 Kassa!
3088 1067 3255 1144 Huc
3296 1093 3521 1170 usque
3572 1095 3775 1169 aegre

747 1188 1138 1264 ferebamus
1158 1247 1178 1278 ,
1255 1188 1386 1264 tibi
1407 1246 1428 1277 ‚
1499 1188 1644 1262 sine
1711 1186 2214 1262 intermissione
2281 1186 2531 1261 studiis
2590 1187 2825 1263 dedito
2843 1246 2863 1277 ,
2930 1187 3317 1286 studiisque
3350 1214 3459 1263 ·ac
3522 1188 3775 1287 vigiliis

750 1308 984 1382 attrito
1035 1313 1108 1382 et
1157 1306 1299 1382 fere
1349 1305 1660 1382 confecto
1679 1365 1699 1396 ,
1765 1331 1904 1382 non
1955 1305 2286 1406 aptiorem
2333 1305 2551 1381 fuisse
2608 1307 2901 1382 docendi
2946 1333 3028 1382 ac
3075 1309 3321 1384 Stellas
3367 1307 3779 1383 observandi

751 1427 997 1502 locum.
1101 1426 1512 1502 Gratissima
1569 1427 1728 1501 ideo
1786 1425 1990 1500 nobis
2040 1427 2248 1501 verba
2289 1435 2486 1528 erant
2528 1451 2751 1525 nuper
2794 1426 2869 1500 in
2916 1426 3195 1525 publico
3241 1427 3591 1502 Ordinum
3637 1429 3773 1501 Ge-

749 1545 1084 1620 ueralium
1117 1563 1442 1620 consessu
1455 1605 1474 1635 ,
1525 1547 1870 1646 hodieque
1909 1571 2048 1620 non
2085 1547 2337 1621 frustra
2357 1604 2377 1634 ,
2430 1556 2511 1620 ut
2558 1570 2913 1646 speramus
2928 1605 2949 1635 ‚
2998 1545 3363 1622 enunciata
3402 1548 3525 1638 ⁴⁰).
3605 1547 3779 1621 Lae-

751 1675 981 1740 tamur
1037 1690 1249 1764 quam
1313 1666 1610 1741 maxime
1671 1690 2027 1765 superesse
2089 1665 2628 1764 Disciplinarum
2679 1667 3015 1740 Patronos
3034 1724 3054 1754 ,
3104 1665 3227 1764 qui
3278 1689 3457 1764 quae
3481 1666 3781 1762 publicis

750 1785 1080 1883 impensis
1127 1785 1440 1860 nondum
1483 1786 1740 1885 suscipi
1784 1810 1986 1884 posse
2025 1784 2377 1874 videntur,
2412 1789 2717 1884 privatis
2758 1785 3108 1860 sumtibus
3143 1784 3433 1860 condere
3468 1784 3772 1858 student.

749 1905 844 1979 Et
883 1905 956 1980 in
990 1905 1100 1979 his
1141 1908 1547 1981 Academiae
1597 1909 1789 1980 Oives
1835 1929 1976 1979 non
2025 1905 2234 1979 modo
2270 1928 2412 1979 non
2456 1905 2827 1980 desiderari
2846 1964 2866 1996 ‚
2918 1906 3042 1980 sed
3086 1913 3157 1981 et
3193 1905 3519 1980 omnibus
3557 1904 3775 2004 praei-

751 2027 962 2114 visse,
1011 2025 1170 2124 quis
1218 2025 1446 2100 vivido
1487 2026 1830 2125 applausu
1879 2049 2020 2100 non
2065 2025 2431 2124 probavit?
2503 2024 2711 2099 Brevi
2742 2025 2889 2125 jam
2939 2033 3179 2126 surgat
3215 2050 3475 2101 novum
3532 2025 3776 2100 Obser-

749 2146 1076 2218 vatorium
1096 2201 1116 2232 ,
1164 2144 1445 2219 consilio
1491 2153 1731 2243 aptum
1757 2202 1776 2234 ‚
1828 2141 2130 2220 Scientia
2167 2151 2238 2220 et
2277 2143 2695 2233 Academia,
2744 2169 2825 2220 ac
2868 2151 2937 2219 te
2955 2203 2977 2233 ,
3027 2144 3115 2219 de
3155 2170 3297 2245 quo
3334 2144 3781 2220 Astronomia

750 2261 1080 2362 gloriatur
1096 2321 1116 2352 ,
1167 2263 1694 2362 dignissimuml
3402 2271 3411 2278 '

847 2384 1009 2458 Non
1050 2391 1284 2458 tamen
1316 2387 1574 2480 sutura
1619 2390 1896 2459 tantum
1931 2393 1999 2460 te
2041 2392 2385 2474 recreant,
2438 2385 2561 2458 sed
2604 2385 2815 2460 etiam
2860 2384 3051 2483 quod
3104 2408 3325 2483 nuper
3359 2384 3781 2482 impetrasti,

751 2502 1059 2578 animum
1105 2529 1292 2578 nunc
1338 2504 1691 2580 exhilarat.
1786 2506 1928 2580 ·Per
1973 2506 2229 2580 multos
2277 2531 2495 2581 annos
2534 2513 2887 2604 promtum
2927 2502 3365 2581 desiderabas
3404 2503 3495 2578 ad
3536 2503 3783 2578 Stellas

751 2623 1210 2699 observandas
1252 2623 1608 2698 auxilium.
1711 2625 1908 2699 Haec
1951 2632 2110 2700 vota
2147 2625 2431 2700 tandem
2468 2625 2743 2725 expleta
2782 2631 2966 2700 sunt.
3066 2625 3220 2698 Rex
3274 2624 3785 2699 observatorem

751 2743 882 2819 tibi
921 2742 1116 2818 dedit
1162 2744 1615 2818 lectissimum
1670 2743 2108 2841 Discipulum
2130 2801 2148 2830 ‚
2197 2743 2483 2818 Boot-,¹¹¹¹²
2521 2744 2587 2818 J.
2624 2744 2713 2819 A.
2741 2744 2820 2817 C.
2856 2735 3269 2819 O'unmrffls
3290 2800 3310 2831 ,
3360 2767 3502 2840 quo
3538 2748 3791 2815 eventu

751 2872 822 2936 te
863 2887 1002 2938 non
1045 2863 1282 2938 minus
1323 2889 1534 2962 quam
1568 2863 1794 2963 ipsam
1835 2863 2292 2961 Disciplinam
2332 2888 2415 2937 ac
2452 2870 2656 2938 tuum
2696 2862 3139 2962 Discipulum
3178 2861 3409 2936 felices
3443 2861 3787 2960 praedico.

751 2982 890 3059 Hic
935 2983 1126 3059 enim
1177 2983 1239 3059 si
1271 2982 1417 3085 jam
1459 2984 1802 3083 praeclare
1845 2982 2098 3058 meruit
2159 2981 2246 3057 de
2309 2983 2689 3081 Gymnasio
2739 2982 3117 3082 Leydensi,
3170 2983 3359 3081 quod
3403 3005 3643 3057 omnes
3688 2987 3789 3055 te-

755 3110 1026 3179 stantur
1041 3161 1062 3192 ‚
1114 3103 1239 3202 qui
1282 3129 1445 3179 eum
1489 3104 1852 3179 docentem
1893 3103 2346 3192 audiverunt,
2396 3127 2617 3200 eoque
2646 3104 3092 3199 Praeceptore
3129 3102 3239 3175 usi
3266 3110 3465 3190 sunt;
3506 3102 3567 3176 si
3590 3124 3791 3199 porro

755 3222 978 3297 multa
1035 3223 1182 3322 jam
1241 3230 1408 3298 sunt
1472 3223 1623 3322 ejus
1685 3224 1774 3297 de
1829 3222 2274 3297 Astronomia
2327 3222 2574 3296 merita
2592 3280 2613 3309 ‚
2682 3245 2860 3319 quae
2920 3220 3159 3295 Exteri
3210 3220 3367 3319 jure
3442 3219 3791 3295 celebrant

755 3366 836 3415 ac
894 3348 975 3415 tu
1028 3343 1264 3441 magni
1326 3342 1538 3431 facis,
1599 3384 1699 3401 —-
1759 3367 1971 3442 quam
2027 3350 2308 3441 accepta
2370 3340 2507 3440 ipsi
2552 3348 2623 3415 et
2673 3339 2925 3415 eximia
2969 3340 3138 3415 haec
3186 3346 3333 3427 est,
3382 3348 3562 3438 quae
3604 3362 3793 3413 nunc

755 3468 1036 3559 paratur
1052 3519 1073 3549 ‚
1124 3461 1604 3561 opportunitas
1653 3482 1829 3537 nova
1873 3462 2232 3537 adamatae
2268 3459 2693 3559 Disciplinae
2722 3459 3147 3536 incrementa
3186 3459 3523 3535 addendi!
3588 3460 3792 3539 Quae

755 3604 863 3655 res
911 3580 1082 3679 quin
1130 3580 1406 3681 egregie
1455 3582 1522 3656 ei
1568 3589 1896 3657 eventura
1942 3582 2071 3670 sit,
2119 3605 2326 3656 nemo
2374 3580 2673 3656 dubitat.

851 3699 972 3775 Ad
1030 3724 1151 3776 vos
1212 3700 1411 3775 venio
1433 3758 1454 3788 ‚
1515 3701 1564 3773 J
1568 3726 1820 3775 uvenes
1887 3700 2356 3775 dilectissimil
2426 3724 2684 3799 vosque
2742 3700 3165 3775 allocuturus
3184 3757 3205 3787 ,
3267 3700 3482 3775 laetor
3534 3704 3792 3775 vestras

757 3819 996 3895 laudes
1037 3819 1480 3920 praedicandi
1523 3821 1796 3922 copiam
1842 3820 2016 3895 mihi
2058 3845 2208 3895 esse
2249 3819 2691 3895 uberrimam.
2794 3822 3068 3894 Morum
3112 3818 3298 3893 enim
3342 3818 3403 3893 si
3440 3816 3795 3893 considero

741 3940 1158 4037 probitatem
1209 3946 1280 4013 et
1339 3940 1747 4015 honestatem
1767 4000 1786 4029 ‚
1848 3940 2078 4015 nescio
2128 3940 2270 4014 fere
2287 4000 2306 4027 ‚
2357 3965 2569 4039 quem
2620 3964 2760 4013 non
2808 3938 3326 4026 commendem;
3390 3937 3451 4011 si
3495 3937 3797 4009 humani-

677 4094 692 4103 ·
761 4066 1000 4146 tatem,
1068 4057 1248 4135 hanc
1317 4058 1502 4157 ipse,
1554 4060 1638 4133 ·si
1695 4059 1854 4159 quis
1915 4060 2091 4135 alius
2115 4119 2135 4150 ‚
2205 4060 2337 4133 hoc
2392 4083 2575 4133 anno
2639 4066 2963 4158 expertus
3034 4081 3230 4145 sum3
3304 4057 3363 4130 si
3426 4058 3797 4130 studiorum

741 4179 1024 4271 fructus
1040 4234 1060 4265 ,
1122 4176 1312 4251 haud
1367 4178 1572 4276 pauci
1628 4178 1762 4253 hoc
1821 4180 2100 4253 nomine
2145 4178 2539 4254 celebrandi
2586 4186 2767 4253 sunt.
2870 4178 3122 4266 Multi,
3175 4176 3425 4251 studiis
3473 4175 3587 4250 hic
3643 4198 3795 4272 per-

763 4294 932 4369 actis
949 4353 970 4382 ,
1035 4294 1177 4369 sive
1241 4296 1560 4371 Doctoris
1625 4298 1924 4397 gradum
1983 4300 2209 4388 nacti,
2271 4300 2414 4374 sive
2466 4299 2787 4372 instituto
2839 4298 3154 4372 examine
3210 4295 3517 4395 probati,
3583 4293 3799 4367 vitam

761 4412 1250 4487 Academicum
1285 4440 1447 4489 cum
1483 4417 1762 4514 publica
1797 4426 2304 4516 permutarunt.
2404 4420 2493 4491 In
2536 4418 2647 4491 his
2680 4442 2820 4491 non
2866 4418 3150 4491 deerant
3166 4471 3185 4501 ,
3236 4414 3359 4513 qui
3395 4412 3799 4511 conscriptis
3856 4490 3871 4499 ,

764 4532 1383 4609 Dissertationibus
1435 4536 1707 4611 Patriae
1757 4536 1874 4611 vel
1913 4535 2258 4609 Ecclesiae
2307 4558 2503 4633 spem
2546 4534 2933 4607 excitarunt
2975 4532 3525 4631 pulcherrimam.
3561 4574 3665 4591 -—
3690 4531 3797 4603 Ex

767 4653 852 4727 iis
872 4711 893 4744 ,
941 4652 1068 4751 qui
1116 4652 1190 4726 in
1239 4654 1486 4729 mediis
1531 4655 1734 4731 nobis
1776 4654 2004 4731 adhuc
2044 4664 2405 4729 versantur
2420 4714 2439 4741 ‚
2488 4653 2678 4727 haud
2714 4653 2919 4751 pauci
2962 4651 3349 4727 studiorum
3394 4648 3797 4725 assiduitate

767 4779 841 4846 et
903 4772 1326 4873 praestantia
1381 4782 1547 4850 sunt
1607 4774 1963 4874 conspicui
1981 4833 2002 4864 ‚
2067 4800 2198 4849 nec
2254 4773 2822 4873 Praeceptmibua
2888 4772 3098 4848 modo
3155 4772 3465 4847 ardorem
3518 4778 3588 4845 et
3639 4792 3793 4867 pro·
