4766 6034
1129 624 1255 690 152
2258 625 2335 693 G.
2409 626 3046 694 J.MULDER

1122 834 1463 932 Rumphii
1532 831 1926 910 herbarium
1997 832 2445 909 Ambonense
2464 894 2485 923 ‚
2559 860 2774 910 manu
2849 837 3070 937 ipsius
3135 836 3476 935 Rumphii
3555 837 3884 937 scriptum
3909 898 3930 928 ‚
4005 866 4168 918 cum

1122 955 1347 1054 effigie
1414 954 1785 1028 herbarum
1848 979 2026 1052 quae
2086 953 2175 1029 ab
2238 955 2392 1054 ipso
2436 962 2712 1030 auctore
2757 956 2982 1055 pictae
3032 964 3104 1031 et
3150 955 3492 1031 coloribus
3535 957 3900 1034 distinctae
3957 970 4126 1036 sunt
4145 1022 4165 1049 ,

1120 1100 1159 1148 e
1202 1075 1620 1149 bibliotheca
1660 1076 1935 1174 cognati
1978 1074 2127 1163 sui,
2176 1075 2492 1150 Joanms
2535 1077 2982 1166 Buauanm,
3033 1077 3216 1152 dono
3262 1077 3474 1152 dedit.
3595 1079 3834 1154 Codex
3879 1081 4166 1178 quidem

1118 1196 1296 1269 lacer
1374 1201 1514 1282 est,
1584 1195 1707 1268 sed
1780 1195 1887 1270 vel
1964 1195 2061 1268 sic
2118 1194 2327 1268 etiam
2400 1195 2637 1295 magni
2699 1197 2904 1295 pretii
2970 1197 3332 1272 habendus
3405 1205 3476 1270 et
3549 1223 3712 1274 cura
3783 1199 4166 1274 Clarissimi

1116 1316 1471 1390 Bnnosna
1496 1374 1516 1403 ,
1567 1321 1909 1414 quantum
1958 1314 2108 1388 ficri
2154 1315 2423 1414 potuit,
2472 1315 2712 1390 ordine
2765 1316 3160 1416 dispositus,

1211 1436 1607 1524 Postrem0,
1682 1459 1918 1509 mense
1988 1435 2359 1522 Januario,
2435 1443 2593 1534 post
2668 1436 2941 1512 obitum
3021 1437 3150 1510 viri
3219 1437 3627 1536 amplissimi
3701 1439 4039 1513 Lmnnm
4115 1466 4164 1512 A

1109 1555 1568 1630 LUNENBURG
1591 1615 1611 1644 ,
1662 1556 2127 1629 nobilissimae
2174 1554 2485 1629 defuncti
2525 1555 2706 1647 filiae
2730 1616 2750 1644 ,
2799 1558 3077 1632 nomine
3123 1557 3340 1655 patris
3378 1557 3883 1633 Bibliothecam
3933 1561 4162 1634 ornari

1111 1676 1476 1749 voluerunt
1539 1676 2095 1776 splendidissimo
2156 1675 2680 1750 Wlnxnnsorm
2754 1703 2992 1777 opere,
3060 1677 3261 1776 cujus
3324 1677 3572 1752 titulus
3616 1684 3755 1753 est:
3827 1679 4162 1753 Manners

1110 1796 1251 1868 and
1316 1796 1643 1870 Customs
1698 1797 1776 1870 of
1818 1797 1937 1870 the
1987 1797 2260 1894 ancient
2304 1798 2728 1896 Egyptians:
2782 1799 2970 1897 quod
3009 1822 3186 1897 opus
3229 1796 3544 1872 nondum
3590 1798 3919 1887 allatum,
3971 1798 4164 1872 brevi

1108 1917 1177 1988 in
1230 1916 1635 1990 memoriam
1680 1916 2019 1990 Lrnnnm
2066 1917 2141 1989 in
2190 1915 2621 1990 Bibliotheca
2671 1922 3071 2015 exponetur.

1206 2035 1476 2110 Hortus
1547 2035 1961 2122 BotanicuS,
2028 2042 2110 2107 ut
2154 2034 2424 2131 accepi,
2475 2035 2652 2108 laeto
2699 2034 2961 2133 gaudet
3005 2043 3210 2111 statu.
3311 2038 3513 2112 Idem
3560 2037 3954 2134 praedicare
4003 2037 4164 2112 licet

1106 2155 1193 2228 de
1258 2154 1771 2229 collectionibus
1846 2153 2299 2252 speciminum
2372 2161 2444 2226 et
2509 2154 3127 2229 instrumentorum
3151 2214 3170 2244 ,
3229 2181 3526 2255 quarum
3575 2157 3861 2256 quidem
3910 2159 4162 2232 notitia

1104 2275 1195 2349 ad
1268 2301 1382 2349 me
1438 2277 1701 2375 perlata
1772 2282 1895 2349 est.
2000 2273 2453 2348 Collectioncs
2511 2273 2640 2348 hae
2689 2283 2993 2374 pergunt
3033 2284 3181 2350 tam
3225 2276 3643 2352 Academiae
3695 2301 3909 2377 quam
3967 2277 4160 2352 urbis

1102 2395 1312 2495 hujus
1376 2393 1640 2470 civibus
1700 2394 2025 2468 inservire
2046 2452 2067 2481 ,
2139 2394 2563 2491 eaedemque
2633 2394 2786 2469 aliis
2858 2420 3136 2495 quoque
3211 2397 3467 2471 artium
3543 2397 4156 2497 doctrinarumque

1101 2513 1437 2590 institutis
1484 2523 1722 2615 optata
1770 2515 2173 2613 adjumenta
2224 2514 2778 2589 subministrant.

1197 2638 1311 2710 Ita
1386 2635 1645 2710 altioris
1710 2634 2061 2708 doctrinae
2136 2631 2367 2704 studia
2413 2630 2624 2705 simul
2667 2632 3067 2707 conducunt
3115 2633 3207 2707 ad
3250 2617 3519 2709 cultum
3568 2661 3808 2711 earum
3855 2637 4114 2712 artium
4135 2698 4155 2725 ,

1100 2781 1279 2853 quae
1325 2755 1489 2830 huic
1542 2755 1802 2829 civitati
1842 2753 2142 2828 maxime
2184 2753 2323 2826 sint
2366 2751 2611 2840 utiles,
2661 2759 2733 2825 et
2773 2752 3135 2851 utriusque
3160 2811 3180 2840 ,
3231 2754 3647 2831 Academiae
3688 2764 3900 2856 atque
3939 2755 4154 2856 hujus

1098 2874 1330 2964 urbis,
1399 2861 1815 2975 prosperitas
1877 2881 2064 2949 arcto
2134 2872 2408 2946 vinculo
2477 2871 2860 2971 copulatur.
2981 2873 3087 2946 Eo
3138 2874 3258 2961 fit,
3319 2882 3400 2949 nt
3439 2875 3814 2951 Academia
3869 2876 4150 2951 Rheno-

1097 2995 1483 3098 Trajectina
1544 2995 1829 3087 evadat,
1893 3017 2071 3094 quae
2118 2993 2556 3094 aliquatenus
2604 3016 2754 3067 esse
2802 2991 3011 3068 debet
3032 3052 3052 3081 ,
3102 2991 3481 3070 Academia
3526 2995 3821 3072 civitatis
3868 2995 4150 3071 Rheno-

960 3198 965 3205 ,
1095 3117 1541 3217 Trajectinae.

1190 3239 1365 3313 Prae
1406 3239 1651 3314 ceteris
1694 3244 1930 3312 autem
1980 3242 2369 3311 memoratu
2413 3236 2626 3336 digna
2675 3242 2782 3310 est
2827 3237 3248 3311 constructio
3300 3260 3517 3312 novae
3563 3238 3878 3337 speculae
3931 3245 4145 3339 astro-

1092 3359 1401 3435 nomicae
1422 3418 1441 3448 ,
1493 3384 1633 3457 qua
1684 3383 1844 3433 mox
1898 3355 2219 3431 absoluta
2262 3358 2700 3431 consecuturi
2749 3381 2994 3431 sumus
3013 3415 3034 3444 ,
3085 3364 3167 3430 nt
3210 3356 3558 3456 praeclara
3613 3358 3782 3432 haec
3833 3357 4148 3431 doctrina

1038 3460 1045 3467 ’
1091 3504 1217 3579 pro
1282 3480 1384 3553 rei
1446 3478 1784 3578 dignitate
1846 3484 1917 3550 et
1971 3501 2135 3551 cum
2179 3474 2414 3550 fructu
2461 3476 2876 3551 discentium
2924 3476 2999 3550 in
3049 3476 3178 3551 hac
3227 3476 3692 3551 Universitate
3733 3477 3864 3551 coli
3909 3486 3984 3551 et
4028 3502 4142 3551 ex-

1090 3600 1330 3699 plicari
1404 3606 1633 3696 queat.
1732 3595 1998 3671 Eadem
2059 3621 2169 3669 res
2188 3654 2206 3683 ‚
2280 3596 2473 3695 quod
2535 3620 2676 3670 non
2745 3596 3017 3670 silentio
3074 3595 3656 3696 praetereundum
3681 3654 3701 3683 ,
3771 3620 4142 3695 generosae

973 3751 989 3757 ·
1092 3718 1678 3818 opportunitatem
1749 3715 1943 3789 dedit
2006 3714 2494 3805 aemulationi,
2569 3741 2708 3814 qua
2750 3716 2945 3789 ducti
2989 3714 3676 3815 Lugduno-Batavae
3721 3714 4141 3790 Academiae

1092 3840 1275 3913 cives
1300 3892 1307 3899 ·
1337 3862 1533 3913 suam
1596 3860 1875 3936 quoquc
1933 3835 2471 3910 Universitatem
2517 3860 2696 3910 nova
2747 3836 3026 3935 specula
3075 3860 3316 3910 ornare
3360 3835 3833 3910 instituerunt.
3935 3824 4140 3909 Prae·

1093 3959 1271 4032 clare
1318 3956 1581 4032 factum
1602 4014 1621 4044 ,
1674 3981 1813 4056 quo
1856 3955 1960 4029 illi
2008 3955 2255 4054 dignos
2306 3980 2379 4030 se
2432 3955 2726 4055 probant
2772 3956 2896 4031 tali
2945 3963 3166 4031 matre
3213 3954 3570 4030 alumnos!

1190 4079 1253 4152 E
1324 4076 1527 4151 dictis
1589 4076 1838 4151 videtis
1855 4134 1874 4165 ‚
1938 4075 2345 4152 Auditoresl
2401 4075 2750 4151 doctrinae
2798 4077 3261 4151 instrumenta
3305 4083 3378 4149 et
3423 4072 3921 4173 supellectilem
3973 4073 4138 4149 talia

1097 4224 1246 4275 esse
1266 4258 1286 4287 ,
1338 4205 1420 4272 ut
1466 4199 1719 4297 partim
1766 4196 2165 4271 necessariis
2212 4194 2460 4271 usibus
2506 4195 2886 4285 sufficiant,
2935 4195 3188 4295 partim
3237 4194 3620 4294 largissime
3669 4200 4066 4293 suppetant.

1192 4319 1413 4399 Quod
1464 4318 1554 4394 ad
1599 4316 2085 4393 Academicam
2131 4315 2638 4391 institutionem
2685 4316 2975 4406 attinet,
3024 4340 3265 4389 omnes
3313 4314 3715 4414 disciplinae
3763 4322 3909 4389 tam
3961 4313 4134 4387 divi·

1090 4466 1339 4515 narum
1379 4464 1611 4514 rerum
1656 4461 1869 4538 quam
1907 4438 2371 4512 humanarum
2393 4495 2413 4524 ,
2463 4443 2608 4511 tam
2653 4460 2892 4511 earum
2939 4460 3119 4534 quae
3169 4442 3402 4510 mente
3443 4459 3656 4533 quam
3699 4456 3876 4533 quae
3927 4456 4135 4509 sensu

1089 4560 1564 4659 percipiuntur
1581 4618 1602 4647 ‚
1671 4558 1815 4635 suis
1873 4556 2180 4656 gaudent
2235 4554 2634 4631 doctoribus
2656 4613 2677 4644 ,
2739 4564 2811 4629 et
2871 4554 3190 4655 quisquis
3233 4577 3540 4629 annuam
3596 4553 3973 4629 lectionum
4031 4577 4134 4627 se·
4241 4606 4246 4609 -

1091 4680 1266 4753 riem
1295 4678 1667 4778 perlustrat
1686 4736 1707 4767 ‚
1742 4686 1814 4753 et
1847 4683 2125 4777 reputat
2158 4701 2396 4753 earum
2440 4675 2800 4775 plerasque
2817 4734 2836 4764 ,
2877 4676 3280 4774 praecipuas
3321 4682 3503 4749 certe
3523 4732 3543 4761 ‚
3573 4674 3762 4773 juste
3785 4681 4130 4748 accurate·

1094 4822 1231 4901 que
1270 4797 1508 4873 haberi
1526 4857 1545 4888 ,
1582 4804 1907 4898 agnoscet
1941 4796 2245 4897 profecto
2287 4795 2636 4871 doctrinae
2679 4796 3176 4896 comparandae
3217 4795 3487 4894 copiam
3527 4794 3641 4869 hic
3685 4816 3824 4869 non
3869 4793 4130 4867 deesse.
