4766 6034
1846 664 2403 735 ORATIO.
3511 662 3637 729 197

604 876 937 979 glicarum
1004 877 1315 978 scriptori
1334 930 1354 969 ,
1424 877 1547 976 qui
1584 877 1657 953 in
1708 878 1949 953 domos
1999 876 2376 952 introducit
2418 874 2812 973 aequalium
2861 873 3090 949 Caroli
3137 872 3466 963 secundi,
3514 874 3644 949 hu·

604 1000 907 1075 iusmodi
972 998 1305 1075 excidisse
1371 996 1607 1073 verba:
1679 1042 1777 1055 —
1839 998 2165 1097 equidem
2221 1020 2361 1071 non
2433 994 2764 1069 recusabo
2782 1051 2803 1082 ,
2863 1018 3002 1092 quo
3061 992 3294 1067 minus
3335 994 3650 1093 neglecta

608 1120 778 1193 mihi
844 1119 1295 1217 exprobretur
1364 1118 1715 1193 Historiae
1775 1119 2079 1219 dignitas
2100 1176 2120 1205 ,
2192 1116 2574 1191 dummodo
2639 1116 3032 1215 contingat,
3098 1116 3366 1215 Anglos
3437 1116 3652 1191 seculi

610 1239 1103 1315 undevicesimi
1171 1246 1487 1315 accurata
1560 1237 1815 1315 donare
1890 1239 2069 1313 vitae
2138 1237 2475 1313 maiorum
2546 1236 2851 1335 imagine
2901 1238 2983 1328 ¹).
3059 1282 3158 1297 —
3227 1236 3406 1315 Quis
3461 1236 3668 1310 enim·

532 1366 541 1376 ‘
608 1361 865 1435 mentis
934 1384 1215 1459 compos
1280 1357 1777 1457 exprobrabit?
1891 1358 2043 1431 Aut
2108 1380 2287 1455 quae
2369 1364 2476 1431 est
2547 1353 3020 1428 observantiae
3102 1378 3264 1452 erga
3347 1378 3654 1431 severam

612 1480 998 1555 doctrinam
1061 1478 1483 1579 negligentia
1504 1536 1523 1565 ,
1574 1478 1783 1553 modo
1804 1534 1823 1565 ,
1891 1500 2490 1575 quorumcumque
2529 1500 2568 1549 e
2616 1474 2756 1549 vita
2799 1473 2917 1550 illa
2957 1475 3220 1550 mentio
3261 1477 3376 1563 fit,
3426 1500 3654 1575 neque

613 1600 841 1675 futilia
906 1599 1075 1674 haec
1137 1600 1277 1673 sint
1332 1607 1403 1673 et
1470 1596 1782 1673 studium
1835 1606 2163 1697 appareat
2204 1622 2285 1671 ea
2332 1597 2430 1671 sic
2469 1596 2542 1670 in
2593 1596 2820 1670 lucem
2872 1596 3176 1671 veritatis
3223 1598 3656 1698 proferendi,

614 1728 697 1795 ut
758 1744 848 1793 ne
914 1718 989 1793 in
1045 1718 1266 1793 forma
1323 1717 1609 1817 quidem
1663 1716 1809 1791 ficti
1866 1716 2040 1814 quid
2084 1723 2209 1790 aut
2252 1716 2562 1791 exornati
2601 1716 2932 1792 accedat?
3009 1718 3150 1793 Sed
3191 1719 3477 1795 fortasse
3497 1777 3516 1807 ‚
3569 1718 3658 1793 de

615 1841 906 1941 pristina
986 1838 1505 1939 ephemeridum
1525 1892 1547 1927 ,
1616 1861 2085 1937 cauponarum
2158 1836 2564 1935 viarumque
2639 1837 3030 1913 conditione
3048 1895 3069 1926 ,
3149 1838 3236 1913 de
3321 1839 3660 1914 reditibus

616 1959 913 2060 publicis
936 2016 957 2047 ,
1023 1958 1111 2033 de
1170 1958 1497 2033 itinerum
1546 1955 2069 2033 difficultatibus
2094 2014 2113 2045 ,
2181 1957 2269 2031 de
2321 1957 2612 2032 audacia
2652 1958 3080 2056 praedonum
3102 2017 3121 2046 ,
3165 1958 3254 2035 de
3305 1958 3662 2034 nocturnis

618 2078 923 2155 tenebris
964 2102 1143 2177 quae
1182 2083 1581 2163 narrantur,
1630 2076 1705 2149 in
1734 2076 1995 2175 Anglia
2036 2084 2199 2151 sunt
2240 2076 2363 2175 qui
2395 2060 2645 2175 parum
2685 2080 2979 2153 curent?
3047 2082 3132 2153 Si
3155 2086 3388 2155 tamen
3421 2104 3665 2155 omnes

618 2206 971 2273 curarent:
1024 2202 1087 2272 ai
1135 2198 1447 2271 homines
1496 2196 1835 2271 natalium
1883 2194 2243 2295 splendore
2294 2197 2648 2296 conspicui
2701 2198 3116 2295 cogitarent,
3169 2201 3460 2275 maiores
3506 2225 3666 2275 suos

618 2320 705 2391 iis
770 2318 1069 2392 caruisse
1140 2318 1321 2391 vitae
1391 2316 1772 2391 commodis
1794 2375 1813 2404 ,
1884 2316 2143 2415 quibus
2212 2316 2417 2389 hodie
2483 2317 2792 2415 ipsorum
2862 2317 3108 2393 famuli
3167 2320 3532 2395 fruuntur:
3607 2324 3671 2395 si

622 2438 821 2513 liberi
870 2461 1109 2511 eorum
1167 2442 1524 2524 tenerent,
1572 2434 1739 2509 olim
1789 2436 1961 2511 lauti
2001 2435 2400 2535 patrimonii
2448 2435 2735 2511 heredes
2787 2438 2893 2512 vel
2933 2439 3384 2537 equisonibus
3437 2448 3508 2513 et
3555 2439 3668 2515 sil-

624 2582 749 2632 vae
812 2555 1222 2633 custodibus
1286 2580 1449 2631 usos
1506 2578 1659 2628 esse
1720 2556 2069 2654 magistris
2133 2555 2239 2630 vel
2300 2579 2386 2629 ex
2443 2556 2724 2630 meliore
2775 2556 3104 2656 diciplina
3149 2558 3222 2633 in
3267 2560 3502 2635 villam
3551 2586 3672 2659 pa-

624 2688 895 2753 ternam
952 2676 1241 2751 reduces
1298 2674 1741 2774 praecipuam
1780 2697 2058 2773 operam
2108 2697 2396 2749 navasse
2435 2673 2871 2773 explorandis
2911 2674 3245 2751 frumenti
3285 2677 3674 2777 specimini-

628 2799 765 2871 bus
786 2854 805 2885 ,
856 2795 1359 2871 contrectandis
1396 2794 1619 2893 porcis
1644 2794 1949 2893 lupoque
1978 2802 2048 2868 et
2076 2793 2307 2893 pecori
2333 2794 2516 2867 inter
2543 2793 2904 2869 cerevisiae
2933 2796 3296 2872 cantharos
3325 2800 3674 2875 emendis:

626 2921 691 2991 si
748 2916 1095 2991 Ecclesiae
1164 2914 1462 2989 ministri
1520 2914 1797 2987 illorum
1855 2914 2370 3002 meminissent,
2443 2914 2566 3012 qui
2609 2940 2694 2989 eo
2739 2922 3050 3013 tempore
3094 2918 3238 2991 ruri
3285 2919 3681 2995 domesticis

628 3037 971 3113 nobilium
1036 3037 1244 3112 sacris
1315 3035 1724 3136 praepositi,
1792 3035 1868 3108 in
1934 3035 2180 3110 horum
2235 3035 2444 3109 domo
2491 3036 2702 3110 etiam
2747 3037 3041 3112 cursoris
3085 3037 3349 3136 publici
3392 3062 3678 3113 munere

631 3157 1105 3258 fungebantur
1124 3215 1143 3244 ,
1216 3181 1434 3255 equos
1498 3155 1849 3230 rhedarios
1906 3155 2275 3254 pectebant
2342 3165 2415 3230 et
2464 3156 2912 3230 Armeniacae
2958 3155 3370 3256 alligabant,
3421 3183 3678 3234 coenae

632 3285 867 3353 autem
940 3276 1211 3352 tamdiu
1256 3277 1633 3350 intererant
1650 3331 1673 3362 ,
1724 3285 1805 3349 ut
1840 3299 2043 3350 carne
2088 3275 2267 3350 salsa
2322 3281 2394 3349 et
2439 3275 2692 3350 carotis
2739 3285 3173 3352 vescerentur
3192 3335 3213 3366 ,
3262 3277 3546 3353 bellaria
3595 3305 3681 3352 ex

634 3396 895 3496 angulo
959 3395 1263 3470 cubiculi
1328 3371 1785 3492 adspicientes
1838 3394 2141 3494 indeque
2208 3421 2251 3469 a
2311 3395 2802 3494 patrefamilias
2867 3397 3177 3472 arcessiti
3256 3398 3346 3472 ad
3425 3400 3682 3498 gratias

636 3516 941 3615 agendas
1002 3539 1126 3614 pro
1188 3538 1403 3590 coena
1458 3513 1785 3589 omnibus
1843 3523 2322 3614 praeterquam
2382 3497 2562 3614 ipsis
2608 3515 2823 3592 dubia
2843 3543 2880 3591 ε·
2923 3517 3086 3592 talia
3131 3518 3346 3617 igitur
3401 3519 3680 3594 horum·

639 3659 775 3735 que
840 3636 913 3709 in
976 3634 1128 3710 aliis
1196 3632 1597 3733 regionibus
1646 3657 1789 3707 non
1840 3633 2123 3707 omnino
2168 3632 2530 3708 dissimilia
2573 3636 2640 3708 si
2683 3633 2801 3708 alii
2842 3636 2976 3712 alia
3011 3646 3244 3713 mente
3295 3639 3682 3728 volverent,

638 3756 828 3831 haud
900 3753 1041 3828 scio
1098 3777 1187 3830 an
1253 3753 1611 3852 pauciores
1670 3761 1902 3828 essent
1968 3753 2299 3852 temporis
2356 3753 2495 3829 acti
2542 3777 2930 3852 praecones.
3034 3757 3249 3836 Quod
3301 3782 3440 3833 non
3490 3758 3644 3833 dico
3663 3815 3682 3848 ,

640 3877 727 3950 A.
750 3877 843 3950 A.
864 3931 886 3963 ,
952 3873 1167 3948 seculi
1236 3873 1455 3948 nostri
1492 3896 1725 3948 amore
1778 3870 2153 3971 abreptus;
2200 3913 2305 3932 -—
2352 3895 2778 3970 quamquam
2825 3898 2947 3948 nos
2991 3899 3032 3948 e
3085 3875 3476 3976 Republica
3525 3877 3684 3953 Pla-

642 3995 823 4068 tonis
862 3991 1181 4086 detrusos
1218 3992 1436 4066 videri
1472 3991 1564 4067 ad
1603 3991 1865 4066 faecem
1901 3992 2225 4079 Romuli,
2274 3990 2700 4066 submoleste
2735 3998 2840 4066 est
2877 3993 3242 4092 cogitatio:
3293 4039 3396 4056 -
3444 4019 3684 4071 verum

644 4114 773 4188 hoc
836 4111 1207 4212 diligenter
1258 4111 1713 4202 animadverti
1770 4110 1977 4210 cupio
2000 4167 2019 4200 ,
2092 4111 2339 4209 quanti
2383 4110 2697 4186 facienda
2747 4111 2838 4186 sit
2890 4111 3238 4190 uberrima
3279 4140 3510 4190 rerum
3555 4116 3683 4190 sci·
3729 4175 3740 4186 .

645 4233 865 4322 entia,
930 4257 1018 4306 ne
1080 4233 1153 4306 in
1205 4239 1599 4332 temporum
1638 4229 2145 4331 comparatione
2185 4229 2450 4304 nubem
2489 4253 2616 4329 pro
2659 4231 2918 4306 Iunone
2967 4233 3481 4332 amplectamur.
3553 4234 3686 4310 Illa

644 4353 947 4428 multum
1015 4352 1213 4428 abest
1274 4361 1357 4426 ut
1421 4352 1509 4428 de
1569 4351 1897 4427 omnibus
1968 4349 2398 4450 temporibus
2455 4357 2577 4424 aut
2629 4349 2770 4426 iam
2825 4361 3104 4450 praesto
3158 4352 3250 4426 sit
3297 4362 3420 4426 aut
3464 4376 3684 4452 aeque

648 4471 1027 4572 comparari
1078 4496 1281 4572 posse
1344 4471 1679 4548 videatur.
1779 4471 1971 4546 Hinc
2019 4469 2517 4569 Historiologia
2536 4526 2557 4557 ,
2606 4480 3250 4570 quantumcumque
3297 4471 3361 4544 ei
3405 4472 3686 4573 prodest

650 4599 837 4667 aetas
900 4599 1139 4666 nostra
1156 4649 1177 4680 ,
1242 4617 1471 4691 neque
1531 4591 1685 4692 ipsa
1746 4592 2107 4667 temeraria
2176 4599 2285 4666 est
2346 4597 2418 4665 et
2475 4588 2586 4664 sui
2642 4589 2987 4666 studiosos
3045 4600 3281 4694 rogat,
3331 4617 3419 4668 ne
3469 4593 3689 4694 inepti

738 4837 789 4914 ¹)
854 4841 965 4898 Re
1005 4841 1251 4922 Hector-y
1290 4847 1368 4918 os
1398 4843 1656 4922 Enqlmd
1692 4845 1771 4923 by
1809 4845 1921 4906 Th.
1960 4845 2103 4906 Bab.
2144 4843 2467 4924 Maesulay,
2509 4843 2583 4905 V.
2627 4846 2696 4916 1,
2739 4841 2846 4903 ch.
2891 4845 2954 4915 1,
2995 4862 3050 4923 p.
3096 4847 3152 4904 3.

2138 5059 2175 5076 Ἀ
