4766 6034
1278 1099 1412 1192 IN
1502 1102 2215 1199 ACADEMIA
2304 1103 3723 1203 RHENo-TRAJECTINA

2213 1402 2294 1465 A.
2350 1403 2802 1467 1853—1854

1822 1676 2374 1739 DOOTORES
2435 1678 2829 1739 CREATI
2889 1680 3194 1740 SUNT:

1264 2010 1376 2080 IN
1423 2009 2008 2089 DISCIPLINIS
2054 2017 2809 2093 MATHEMATICIS
2859 2020 2982 2093 ΕΤ
3027 2018 3756 2093 PHILOSOPHIAE

2212 2138 2794 2214 NATURALIS.

980 2366 1048 2439 d.
1085 2370 1177 2439 20
1206 2392 1299 2442 m.
1326 2369 1524 2443 Junii
1551 2373 1761 2448 1853.
1814 2375 2049 2451 JAsz
2100 2378 2569 2452 Gmmmmus
2624 2380 3016 2463 Grumum,
3065 2374 3822 2475 wadingo-Batavus,
3869 2383 4033 2473 post

1805 2495 2147 2592 privatam
2209 2495 2680 2569 defensionem
2727 2494 3250 2593 Disquisitionis
3301 2494 3654 2595 chymieae
3698 2495 3781 2568 de
3829 2498 4034 2594 aquis

1806 2617 2145 2689 nonnullis
2192 2616 2695 2690 Neerlandicie.

984 2754 1019 2792 ιι
1078 2729 1167 2798 21
1230 2757 1263 2794 ιι
1406 2758 1442 2797 ιι
1600 2761 1636 2800 ιι
1815 2733 2199 2808 Nmomus
2262 2736 2731 2810 Genaunes
2790 2733 3084 2809 Pz'rnus
3132 2734 3696 2822 Rauwmmorr,
3746 2734 4028 2807 Amste-

1810 2851 2224 2927 lodamensis
2250 2912 2269 2942 ,
2340 2859 2500 2952 post
2556 2852 2894 2953 privatam
2962 2852 3434 2927 defensionem
3502 2852 4028 2927 Dissertationis

1732 2978 1740 2985 '
1813 2970 2518 3050 historico-ehemieae
2578 2978 2663 3051 de
2725 2976 3041 3050 viridium
3073 2974 3476 3071 plantarum
3511 2973 3819 3070 partium
3881 2997 4026 3046 cum

1800 3086 1988 3169 aeris
2026 3098 2349 3193 oayyenio
2400 3104 2473 3171 et
2521 3097 2722 3170 acido
2766 3095 3114 3169 carbonico
3151 3095 3657 3171 necessitudine.
3779 3093 3799 3109 “

977 3238 1011 3274 ιι
1118 3213 1161 3284 7
1218 3237 1253 3276 ιι
1313 3209 1501 3309 Sept.
1592 3241 1627 3279 ιι
1806 3211 2235 3289 Lunovmus
2304 3213 2636 3290 Mummii
2656 3273 2677 3303 ,
2737 3212 3346 3288 Roterodamensis
3367 3271 3387 3301 ‚
3455 3219 3616 3312 post
3681 3212 4022 3311 privatam

1802 3331 2274 3408 defensionem
2336 3333 2865 3434 Disquisitionis
2928 3333 3000 3406 hi
3009 3332 3560 3408 storieo-criticae
3613 3333 3700 3407 de
3766 3331 4026 3405 XXIV

1796 3453 2213 3526 metallorum
2243 3456 2554 3550 pondere
2601 3455 2910 3528 chemieo.
3033 3505 3046 3520 .

974 3599 1010 3635 ιι
1116 3572 1159 3642 8
1218 3597 1255 3636 ιι
1396 3597 1433 3636 ιι
1594 3597 1628 3635 ιι
1802 3569 2179 3644 Ψοιηιιτ
2242 3571 2626 3646 Annium
2697 3572 3090 3646 Jonmnns
3159 3595 3306 3647 vm
3373 3574 3669 3659 Gneus,
3737 3571 4022 3650 Rheno-

1804 3688 2233 3786 'I'rajeetinus
2248 3749 2269 3778 ,
2317 3699 2476 3791 post
2524 3693 2864 3791 privatam
2911 3692 3380 3767 defensionem
3427 3691 3837 3791 Speciminis
3877 3689 4020 3764 his-

1801 3808 2340 3884 torico-chemici
2425 3813 2510 3885 de
2562 3813 2868 3910 pondere
2933 3816 3237 3910 epemfico
3302 3813 3768 3886 elementorum
3835 3814 4018 3884 ae‘ri-

1782 3933 2013 4024 sormi
2072 3956 2193 4004 nec
2258 3952 2389 4004 non
2454 3934 2538 4006 de
2588 3934 2894 4031 pondere
2955 3933 3239 4008 chemico
3303 3931 3769 4005 elementorum
3841 3955 4020 4029 quae

1800 4051 2123 4149 oryanica
2170 4052 2505 4126 dicuntur.
3778 4115 3804 4147 ,

974 4197 1009 4234 ιι
1070 4171 1159 4240 12
1216 4197 1253 4236 ιι
1390 4198 1427 4236 ιι
1587 4199 1625 4238 ιι
1796 4171 2204 4245 Guneus
2288 4173 2602 4246 Galam
2619 4229 2642 4260 ,
2721 4168 3304 4268 Culenborgensis
3322 4227 3344 4258 ‚
3431 4176 3588 4268 post
3675 4166 4018 4268 privatam

1795 4289 2269 4366 defensionem
2370 4289 2894 4366 Dissertationis
2984 4287 3827 4387 physico-mathematicae
3929 4291 4018 4363 de

1796 4409 2099 4507 elliptica
2144 4410 2419 4484 luminis
2456 4411 2969 4508 polarieatione.

975 4555 1010 4594 ιι
1066 4531 1157 4600 21
1220 4557 1256 4596 ιι
1310 4529 1487 4603 Nov.
1591 4560 1627 4599 ιι
1796 4530 2203 4604 Eumaeus
2275 4530 2608 4604 Mummi
2629 4586 2651 4617 ‚
2727 4527 3371 4615 RoterodamensiS‚
3443 4534 3602 4626 post
3672 4527 4016 4626 privatam

1796 4645 2268 4722 defensionem
2348 4644 2875 4744 Disquisitionis
2960 4645 3588 4722 historico-criticae
3663 4649 3748 4722 de
3820 4646 4014 4721 XIII

1712 4827 1725 4838 .
1800 4759 2263 4841 elementorum
2300 4767 2607 4863 pondere
2652 4766 2956 4842 chemico.
