4766 6034
1039 609 1130 676 u
1477 567 1490 578 ’
2223 607 2893 676 A.xuanss

1035 815 1422 891 attendant.
1521 815 1610 889 In
1651 812 2060 890 revelatione
2102 821 2182 888 ut
2222 815 2360 890 Dei
2404 816 2705 891 auctoris
2720 873 2743 904 ‚
2794 814 2895 890 ita
2945 812 3155 888 etiam
3191 812 3490 888 hominis
3538 815 3713 890 ratio
3748 815 4070 893 habenda

1035 941 1165 1011 est.
1268 935 1539 1010 Scilicet
1585 933 1686 1008 illi
1705 992 1724 1022 ‚
1791 933 2050 1034 quibus
2103 935 2431 1011 revelatio
2472 935 2765 1036 obtigit,
2831 934 3146 1008 homines
3188 941 3383 1008 erant
3424 941 3495 1008 et
3536 934 3639 1008 nil
3684 934 3975 1011 humani
4024 961 4069 1011 a

1038 1077 1114 1127 se
1175 1053 1479 1130 alienum
1537 1053 2046 1131 existimantesz
2109 1055 2298 1130 unde
2353 1055 2619 1131 factum
2694 1062 2803 1130 est
2818 1113 2839 1143 ,
2905 1062 2987 1130 ut
3030 1079 3157 1128 1166
3202 1059 3419 1128 1616111
3472 1055 3709 1130 81611111
3758 1054 4064 1154 116161116-

1035 1180 1192 1247 16111
1243 1174 1596 1248 veritatem
1617 1231 1638 1262 ‚
1685 1197 1912 1272 neque
1961 1174 2182 1274 igitur
2233 1199 2388 1250 eam
2439 1175 2943 1274 eloquerentur.
3041 1174 3143 1247 At
3186 1172 3353 1247 inde
3396 1171 3603 1248 simul
3642 1180 3877 1272 patet,
3926 1197 4067 1249 non

1014 1292 1461 1392 probandam
1504 1319 1656 1369 esse
1697 1317 1938 1370 eorum
1988 1294 2383 1394 opinionem
2400 1353 2422 1383 ,
2471 1294 2595 1395 qui
2639 1296 2711 1369 in
2761 1293 3031 1369 Veteris
3075 1293 3501 1367 Testamenti
3553 1292 3747 1367 libris
3792 1293 3897 1368 nil
3932 1293 4068 1367 nisi

1032 1437 1192 1487 vera
1232 1420 1304 1487 et
1351 1413 1584 1489 divina
1622 1421 2038 1512 agnoscant:
2099 1414 2271 1513 quin
2321 1414 2555 1513 potius
2597 1415 2697 1488 ita
2744 1412 3193 1488 statuendum
3242 1436 3393 1486 esse
3440 1412 3747 1500 videtur,
3810 1412 3903 1487 ad
3959 1413 4065 1486 di-

1029 1532 1262 1607 vinam
1278 1590 1299 1621 ‚
1361 1557 1541 1631 quae
1599 1531 1702 1606 ibi
1763 1532 2142 1620 revelatur,
2204 1533 2564 1608 veritatem
2618 1523 3165 1632 cognoscendam
3187 1588 3209 1618 ,
3277 1555 3558 1629 prorsus
3600 1531 4067 1606 necessarium

1027 1676 1180 1727 esse
1200 1709 1221 1740 ,
1270 1657 1355 1726 ut
1401 1652 1495 1728 ad
1540 1652 1920 1726 humanam
1970 1651 2400 1726 debilitatem
2448 1661 2520 1726 et
2568 1650 3155 1751 imperfectionem
3215 1650 3659 1724 attendamus
3704 1650 4021 1726 animum
4043 1708 4064 1738 ‚

1027 1772 1291 1872 quippe
1339 1796 1516 1870 quas
1556 1771 1754 1844 Deus
1801 1769 2211 1870 neutiquam
2261 1772 2640 1846 sustulerit.
2739 1773 2977 1870 Atque
3026 1770 3155 1842 hoc
3195 1793 3240 1843 a
3276 1769 3615 1869 theologis
3653 1769 3862 1870 vulgo
3902 1793 4063 1845 eon-

1025 1890 1300 1965 ceditur
1367 1889 1576 1964 simul
1637 1896 1710 1964 et
1771 1889 2113 1964 eluditur:
2186 1889 2262 1963 in
2318 1892 2694 1966 actionibus
2764 1889 3096 1964 nimirum
3170 1911 3429 1962 errores
3495 1895 3884 1988 agnoscunt
3897 1947 3918 1979 ,
3986 1889 4065 1963 in

1026 2012 1251 2085 verbis
1296 2009 1542 2083 adesse
1585 2016 1881 2108 negant3
1933 2033 2110 2106 quae
2153 2008 2437 2106 quidem
2477 2009 2831 2085 distinctio
2850 2069 2871 2098 ‚
2920 2007 3193 2083 etiamsi
3236 2007 3515 2082 admitti
3560 2010 3835 2108 posset,
3885 2009 4064 2084 diffi-

1027 2127 1357 2204 cultatem
1408 2127 1695 2202 minime
1740 2128 2033 2203 tolleret.
2137 2128 2284 2207 Qui
2328 2128 2699 2227 prophetas
2716 2187 2737 2217 ,
2787 2128 3021 2203 divino
3062 2126 3339 2201 afflante
3392 2127 3641 2227 spiritu
3682 2128 4061 2232 ,vaticinan-

1025 2231 1174 2336 168,
1223 2248 1314 2325 611
1353 2248 1546 2323 6111111
1582 2247 1855 2323 errandi
1893 2246 2199 2346 periculo
2229 2254 2539 2322 exemtos
2577 2255 3007 2347 proponunt,
3056 2246 3371 2334 Iaelis‚
3422 2247 3757 2322 Heberi
3798 2246 4063 2334 uxoris,

1024 2377 1230 2465 turpe
1295 2365 1561 2441 facinus
1631 2365 1922 2464 probare
1991 2371 2375 2464 coguntur,
2444 2366 2705 2466 quippe
2762 2391 2805 2442 a
2867 2364 3212 2440 Debora
3262 2365 3697 2464 prophetissa
3738 2365 4065 2442 laudibus

1025 2485 1306 2560 elatum.
1406 2485 1494 2559 In
1563 2484 1694 2558 hoc
1751 2491 1823 2558 et
1888 2482 2128 2558 multis
2181 2483 2332 2557 aliis
2351 2540 2372 2571 ,
2422 2508 2603 2582 quae
2661 2483 2901 2558 afferre
2940 2481 3236 2581 possim,
3286 2483 3623 2581 exemplis
3662 2485 3753 2558 ad
3798 2493 4062 2584 tempo·

1019 2628 1181 2680 rum
1247 2603 1584 2678 rationem
1653 2625 1936 2701 prorsus
1999 2606 2342 2674 mutatam
2359 2659 2381 2689 ‚
2453 2606 2579 2675 aut
2633 2599 2998 2676 hominum
3054 2608 3222 2676 tunc
3274 2602 3652 2678 viventium
3708 2602 4065 2678 saevitiam

1023 2747 1391 2823 provocare
1434 2745 1578 2796 non
1625 2721 1913 2796 sufficit:
1976 2719 2257 2794 Ethices
2297 2720 2483 2795 enim
2542 2719 2880 2828 principia
2898 2777 2919 2809 ,
2969 2720 3077 2794 uti
3124 2721 3315 2794 omni
3356 2721 3572 2795 dubio
3620 2721 3881 2797 maiora
3896 2777 3918 2810 ,
3964 2722 4064 2796 ita

1025 2866 1296 2942 semper
1363 2850 1435 2917 et
1501 2841 1764 2940 ubique
1826 2839 2070 2915 eadem
2133 2863 2283 2913 esse
2361 2839 2657 2928 debent;
2724 2838 2983 2937 quibus
3043 2838 3104 2913 si
3153 2842 3309 2939 quis
3356 2840 3682 2942 derogat,
3742 2842 4063 2918 lubenter

1023 2962 1268 3039 aetatis
1287 3020 1308 3051 ,
1358 2986 1501 3062 qua
1542 2961 1748 3051 vivit,
1800 2965 1873 3035 et
1909 2956 2128 3035 animi
2162 2957 2356 3034 haud
2397 2958 2565 3050 satis
2600 2957 2857 3034 exculti
2884 2958 3148 3033 ratione
3188 2960 3428 3036 habita
3444 3020 3464 3050 ,
3516 2961 3789 3037 veniam
3816 2961 4061 3039 erroris

895 3082 904 3091 ’
1021 3084 1513 3172 concedemus,
1572 3105 1815 3156 verum
1871 3079 2013 3155 Dei
2041 3102 2297 3173 ,vocem
2316 3136 2337 3168 ,
2402 3079 2613 3155 nullis
2658 3079 2982 3155 humanis
3032 3079 3353 3155 sordibus
3396 3081 3841 3157 commixtam
3862 3138 3885 3171 ,
3930 3104 4060 3157 1168

1021 3203 1260 3279 audire
1307 3202 1743 3302 negabimus.

1119 3324 1324 3423 Quae
1371 3346 1596 3421 quum
1637 3321 1738 3395 ita
1779 3319 1959 3408 sint,
2009 3344 2222 3421 quam
2263 3330 2537 3397 arctum
2582 3321 2765 3397 inter
2806 3320 2901 3395 V.
2942 3321 3271 3395 Foederis
3312 3346 3520 3395 usum
3565 3320 3944 3419 practicam
3987 3328 4059 3393 et

1021 3439 1338 3514 studium
1381 3439 1568 3514 illius
1618 3438 2022 3514 historicum
2069 3447 2144 3514 et
2187 3440 2508 3516 criticum
2560 3441 2913 3515 vinculum
2962 3440 3345 3514 intercedat
3362 3498 3383 3528 ‚
3433 3440 3882 3514 manifestum
3929 3449 4055 3513 est.

1018 3558 1180 3633 Hoc
1249 3558 1437 3634 enim
1501 3558 1816 3658 neglecto
1834 3614 1857 3647 ,
1925 3558 2314 3657 periculum
2367 3566 2514 3648 est,
2579 3583 2669 3633 ne
2725 3582 2853 3657 pro
2908 3558 3160 3633 divinis
3211 3557 3593 3633 habeamus
3636 3566 3706 3633 et
3752 3558 4057 3633 vendite-

1019 3700 1184 3751 mus
1203 3733 1224 3764 ,
1288 3701 1466 3775 quae
1522 3678 1869 3753 humanae
1927 3677 2162 3776 potius
2222 3677 2679 3752 imbecillitati
2729 3676 3103 3752 tribuenda
3154 3687 3321 3777 sunt
3339 3735 3359 3765 ,
3409 3684 3482 3752 et
3524 3678 3624 3751 ita
3673 3676 4015 3751 erroribus
4034 3733 4055 3763 ,

1019 3820 1410 3895 numquam
1471 3796 1638 3873 satis
1702 3795 2142 3895 deplorandis
2162 3853 2185 3884 ,
2247 3795 2451 3871 inviti
2500 3820 2743 3871 ansam
2802 3796 3277 3895 praebeamus.
3380 3797 3457 3871 Si
3500 3797 3687 3871 enim
3744 3796 4012 3894 uspiam
4034 3852 4055 3883 ‚

1021 3914 1142 3989 1116
1205 3916 1432 3990 valent
1493 3923 1738 4015 poetae
1796 3914 2006 3989 verba
2022 3971 2043 4002 ,
2107 3912 2411 3989 Achivos
2451 3915 2699 4014 plecti,
2750 3914 3095 4015 quidquid
3136 3940 3335 4014 reges
3375 3915 3843 3989 deliraverint:
3895 3938 4049 4013 gra·

1024 4034 1388 4110 vissimum
1449 4036 1637 4111 enim
1699 4033 2086 4134 periculum
2133 4056 2286 4108 esse
2343 4033 2520 4110 illud
2533 4092 2555 4124 ,
2618 4034 2807 4133 quod
2867 4034 3177 4109 moribus
3234 4034 3593 4108 hominum
3652 4033 4013 4108 immineat
4034 4090 4053 4119 ,

1024 4178 1270 4229 omnes
1337 4154 1535 4231 facile
1599 4152 1776 4227 mihi
1822 4150 2234 4227 concedetis.
2334 4152 2411 4227 Si
2454 4178 2611 4229 vero
2655 4154 2747 4230 ab
2794 4154 2905 4229 his
2949 4155 3041 4228 ad
3091 4153 3345 4255 mentis
3390 4176 3647 4227 errores
3688 4153 4063 4227 transitum'

1027 4272 1320 4349 facimus
1342 4332 1362 4363 ‚
1414 4272 1768 4348 undenam
1801 4293 2076 4367 ,quaeso
2091 4327 2113 4359 ,
2165 4294 2342 4369 quae
2379 4296 2571 4348 nunc
2614 4274 2819 4374 longe
2866 4274 3141 4373 lateque
3182 4296 3416 4372 sparsa
3461 4281 3626 4347 sunt
3670 4280 4057 4347 commenta

977 4393 1110 4467 ‘de
1183 4393 1604 4467 Iudaeorum
1670 4389 1751 4463 in.
1817 4388 2282 4466 Palaestinam
2355 4394 2590 4467 reditu
2652 4401 2723 4467 et
2780 4392 3160 4467 millenario
3230 4418 3274 4466 a
3340 4392 3698 4467 Christo
3750 4392 3824 4465 in
3875 4399 4059 4465 terra

1025 4513 1440 4589 condendo?
1513 4511 1603 4584 In
1659 4508 2152 4609 prophetarum
2213 4511 2487 4611 scriptis
2502 4570 2523 4599 ‚
2587 4512 2767 4587 male
2828 4511 3193 4587 intellectis
3214 4570 3234 4600 ,
3282 4511 3508 4587 morbi
3553 4512 3891 4611 originem
3931 4510 4055 4583 de·

1020 4632 1555 4733 prehendimusz
1620 4628 1694 4703 in
1752 4627 2074 4705 historica
2121 4628 2527 4705 eorumdem
2565 4627 3125 4727 interpretatione
3144 4687 3165 4719 ,
3214 4630 3590 4729 prudenter
3630 4626 3941 4704 adhibita
3980 4636 4055 4701 et

1017 4776 1184 4827 cum
1247 4746 1649 4825 hominibus
1713 4747 2125 4833 Christianis
2183 4747 2693 4825 communicata
2708 4805 2730 4838 ,
2790 4748 3133 4825 medelam
3180 4748 3473 4825 unicam.
3572 4748 3773 4824 Η666
3816 4752 4053 4823 autem
