4766 6034
1264 625 1397 692 144
2410 619 3148 689 Bur-nullan

1264 832 1459 907 simi!
1540 829 1749 904 huius
1816 828 2333 904 Illustrissimae
2397 828 2816 906 Academiae
2871 829 3280 906 Curatores!
3360 869 3458 886 --
3523 827 3881 904 Nimirum
3933 841 4132 908 vestro
4167 836 4248 910 in-

1264 952 1447 1052 signi
1508 975 1673 1050 erga
1735 975 1847 1024 me
1906 949 2121 1024 favori
2177 949 2688 1050 Angustissimi
2753 949 2972 1050 Regis
3019 948 3355 1050 placitum
3403 947 3624 1023 debeo
3645 1008 3665 1037 ‚
3731 953 3924 1049 quod
3967 977 4072 1027 me
4109 956 4248 1029 The-

1260 1071 1524 1170 ologiae
1562 1069 2025 1145 Professorem
2060 1070 2335 1145 creavit.
2436 1070 2625 1159 Quos
2671 1069 3008 1160 honores,
3061 1094 3274 1170 quam
3327 1070 3756 1170 singularem
3807 1083 4090 1148 vestram
4125 1099 4251 1174 erga

1260 1217 1413 1280 me,
1498 1191 1676 1266 alius
1742 1190 2161 1265 Academiae
2226 1190 2633 1289 alumnum,
2708 1189 3306 1279 benevolentiam,
3382 1191 3630 1289 quanti
3710 1191 4005 1282 faciam,
4073 1195 4252 1268 verbis

1260 1313 1493 1413 eloqui
1538 1334 1818 1410 prorsus
1862 1335 2169 1410 neque0;
2233 1319 2307 1385 at
2346 1317 2628 1410 gratum
2681 1309 2899 1385 animi
2947 1310 3142 1385 vobis
3192 1309 3496 1387 devincti
3543 1319 3755 1411 atque
3803 1313 4102 1388 obstricti
4135 1339 4251 1388 sen·

1266 1459 1423 1509 sum
1490 1432 1713 1531 magis
1772 1431 1973 1506 factis
2042 1429 2433 1530 studiisque
2489 1429 2687 1504 vobis
2734 1430 3089 1505 testificari
3143 1438 3213 1506 et
3262 1431 3749 1531 comprobare,
3815 1458 4026 1531 quam
4078 1435 4253 1509 verbis

1260 1553 1627 1630 enunciare
1680 1562 1803 1626 aut
1839 1576 2095 1652 magna
2137 1551 2420 1652 quaevis
2466 1549 2660 1624 vobis
2707 1550 3058 1649 polliceri,
3111 1550 3303 1626 haud
3345 1551 3561 1626 dubie
3601 1577 3642 1625 e
3686 1561 3996 1628 vestrum
4032 1579 4253 1654 quoque

1264 1672 1605 1748 sententia
1671 1679 1992 1771 praestat.
2117 1670 2505 1746 Audivistis
2527 1729 2548 1760 ,
2618 1670 2769 1744 Viri
2829 1670 3298 1770 Amplissimi!
3370 1681 3797 1772 quantopere
3859 1674 3932 1748 in
3987 1674 4254 1748 obeundo

1261 1794 1395 1869 hoc
1436 1817 1725 1868 munere
1762 1791 2025 1867 crucier
2064 1799 2135 1866 et
2172 1789 2549 1891 perturber·
2576 1790 2816 1890 magni
2855 1790 3048 1866 illius
3076 1790 3228 1864 Viri
3253 1791 3674 1892 cogitatione
3703 1803 3776 1868 et
3803 1793 4255 1878 recordatione,

1261 1915 1335 1988 in
1385 1914 1584 1987 cuius
1636 1913 1867 1986 locum
1912 1935 2025 2020 me
2074 1911 2440 1986 succedere
2491 1911 2840 2000 voluistis}
2895 1899 3012 1986 cui
3055 1911 3456 2012 cogitationi
3503 1913 3564 1986 si
3616 1913 4052 2014 indulgerem
4091 1937 4256 2013 prope

1262 2035 1574 2120 abesset,
1638 2031 1807 2131 quin
1875 2031 2238 2108 deficiente
2298 2055 2580 2130 prorsus
2645 2031 2818 2105 mihi
2881 2031 3154 2120 anime,
3219 2057 3306 2106 ex
3361 2032 3490 2107 hac
3562 2033 3716 2132 ipsa
3779 2034 4118 2109 Cathedra
4167 2034 4255 2106 de·

1262 2153 1680 2229 scenderem.
1780 2151 1920 2225 Sed
1974 2153 2123 2226 alea
2163 2151 2341 2226 iacta
2389 2149 2642 2250 pedem
2693 2151 2946 2226 referre
3001 2175 3140 2226 non
3185 2151 3366 2226 licet.
3439 2153 3589 2226 Nec
3639 2153 3827 2252 ipse,
3881 2155 3944 2228 si
3995 2177 4257 2252 possem,

1260 2273 1531 2374 regredi
1596 2271 1861 2346 vellem.
1982 2271 2503 2406 omnipotentis
2555 2279 2627 2345 et
2673 2271 3160 2370 benignissimi
3209 2272 3345 2346 Dei
3393 2270 3622 2346 fretus
3655 2272 3968 2361 auxilie,
4021 2273 4130 2372 qui
4169 2297 4260 2370 per

1258 2403 1364 2470 tot
1405 2417 1747 2469 annorum
1794 2389 2139 2491 spatium,
2188 2393 2262 2466 in
2308 2399 2414 2467 tot
2465 2390 2806 2491 susceptis
2856 2399 2928 2464 et
2974 2392 3272 2490 peractis
3327 2390 3681 2466 laboribus
3729 2417 4091 2492 nunquam
4128 2389 4262 2466 mihi

1262 2515 1523 2602 defuit,
1591 2513 1715 2611 qui
1757 2537 1871 2586 me
1916 2511 2396 2590 acerbissimae
2441 2511 2658 2586 cladis
2708 2511 2940 2587 dolore
2983 2511 3320 2587 afflictum
3369 2521 3442 2586 et
3484 2513 3844 2612 lugentem
3896 2513 4260 2588 sustentavit

1261 2645 1331 2709 et
1402 2633 1620 2709 erexit
1678 2675 1777 2688 --
1840 2632 2052 2708 huius
2106 2631 2323 2731 igitur
2366 2633 2625 2710 auxilio
2672 2632 2918 2719 nixus,
2969 2673 3066 2689 —
3117 2631 3178 2705 si
3217 2631 3391 2730 quid
3436 2633 3510 2706 in
3553 2657 3665 2706 me
3687 2643 3818 2708 est
3863 2633 4258 2719 eruditionis,

1264 2753 1691 2830 assiduitatis
1708 2811 1729 2842 ,
1796 2751 2012 2826 studii
2056 2753 2310 2826 amoris
2331 2811 2351 2840 ,
2417 2753 2492 2826 id
2547 2776 2752 2827 omne
2771 2811 2792 2842 ,
2861 2751 3554 2852 quantulumcunque
3613 2762 3721 2828 est
3736 2812 3757 2843 ,
3820 2753 3921 2828 ita
3967 2752 4260 2829 adhibebo

1144 2903 1151 2910 ·
1263 2885 1473 2973 atque
1524 2871 1925 2973 impendam
1944 2930 1965 2962 ,
2016 2885 2097 2946 ut
2140 2873 2392 2947 horum
2435 2873 2768 2948 iuvenum
2811 2870 3062 2946 studiis
3083 2929 3104 2961 ,
3142 2872 3566 2948 Academiae
3586 2932 3606 2961 ,
3635 2873 4019 2963 Ecclesiae,
4047 2873 4260 2974 patriae

1263 2993 1652 3070 inserviam.
1754 2993 1833 3069 Si
1900 3017 2057 3068 vero
2120 2993 2586 3069 RorAaansn
2643 2992 2954 3093 vestigiis
3012 2992 3338 3068 insistens
3403 2991 3528 3069 tali
3589 2993 3944 3070 decessore
3962 3054 3984 3083 ,
4033 2993 4259 3095 qualem

1260 3118 1493 3215 ipsum
1572 3139 1813 3190 omnes
1876 3114 2327 3213 cognovimus
2397 3122 2470 3187 et
2528 3102 2900 3188 dileximus
2923 3172 2944 3202 ,
3014 3113 3176 3188 licet
3243 3114 3447 3213 longe
3513 3113 3793 3190 inferior
3811 3173 3832 3203 ,
3905 3139 4044 3190 non
4099 3116 4257 3213 plane

1261 3236 1595 3336 indignus
1661 3235 2137 3334 deprehendar
2200 3258 2550 3309 successor
2569 3292 2588 3322 ,
2655 3233 2786 3308 erit
2805 3292 2824 3321 ‚
2891 3232 3083 3332 quod
3150 3258 3586 3333 summopere
3633 3235 3810 3309 mihi
3861 3236 4151 3335 gratuler
4203 3242 4254 3307 et

1258 3357 1515 3457 gratias
1555 3356 1706 3429 Deo
1750 3354 2039 3429 reddam
2084 3380 2297 3454 quam
2339 3354 2702 3429 maximas.
2806 3354 3136 3429 Ceterum
3155 3413 3175 3442 ,
3219 3354 3370 3428 Viri
3409 3354 3886 3430 Perillustres!
3957 3356 4134 3430 idem
4169 3352 4254 3425 ille

1255 3478 1599 3551 bonorum
1656 3474 1969 3549 omnium
2032 3476 2353 3574 Largitor
2416 3481 2497 3548 ut
2565 3498 2688 3548 vos
2745 3473 2870 3548 diu
2935 3474 3157 3549 salvos
3204 3474 3722 3574 incolumesque
3769 3486 3996 3550 servet
4017 3534 4036 3563 ‚
4095 3482 4156 3547 et
4197 3480 4256 3543 ut

1258 3602 1485 3669 vestra
1527 3620 1692 3670 cura
1709 3654 1729 3683 ‚
1796 3595 2038 3668 vestris
2089 3594 2415 3694 auspiciis
2436 3654 2456 3683 ‚
2506 3594 2717 3695 buius
2763 3594 3060 3693 inclytae
3109 3594 3323 3669 Urbis
3371 3602 3587 3694 atque
3634 3596 4048 3671 Academiae
4082 3596 4254 3668 honos

1260 3724 1330 3789 et
1387 3714 1606 3814 gloria
1660 3714 1734 3787 in
1800 3714 1948 3789 dies
2011 3722 2321 3790 crescant
2388 3722 2600 3814 atque
2661 3716 3141 3815 adaugeantur
3164 3774 3183 3804 ,
3253 3716 3326 3807 in
3384 3716 3560 3791 votis
3607 3725 3679 3790 et
3719 3717 4040 3815 precibus
4077 3714 4254 3788 habeo

1262 3833 1761 3911 ardentissimis
1783 3836 1798 3908 !

1360 3956 1436 4029 Si
1496 3980 1655 4031 vera
1722 3962 1829 4029 est
1889 3955 2222 4033 Veterum
2288 3957 2630 4033 sententia
2696 4002 2798 4019 —
2861 3967 2968 4032 est
3017 3966 3252 4033 autem
3299 3958 3651 4033 verissima
3707 4000 3806 4017 —
3851 3956 4164 4033 intuendo
4199 3962 4252 4025 et

1260 4076 1698 4176 suspiciendo
1764 4076 2041 4175 egregia
2094 4100 2504 4174 proavorum
2575 4077 2684 4151 vel
2749 4079 3148 4177 aequalium
3215 4078 3534 4177 exempla
3591 4077 3880 4153 mirifice
3947 4079 4033 4153 ali
4079 4086 4248 4173 atque

1260 4196 1500 4296 augeri
1554 4195 1877 4270 imitandi
1944 4196 2257 4270 studium
2319 4239 2416 4255 -
2487 4196 2651 4271 talia
2699 4199 3055 4296 exempla,
3106 4224 3286 4297 quae
3329 4207 3399 4273 et
3450 4222 3564 4272 me
3605 4198 3898 4273 incitent
3937 4208 4128 4297 atque
4167 4196 4247 4266 in·

1256 4319 1652 4404 flamment,
1720 4316 2091 4416 animoque
2144 4316 2494 4391 deficienti
2547 4342 2761 4391 novos
2815 4318 3228 4393 admoveant
3273 4318 3590 4393 stimulos
3610 4376 3630 4405 ,
3697 4319 3998 4417 profecto
4037 4318 4102 4390 in
4149 4316 4248 4389 hac

1260 4439 1443 4513 alma
1507 4438 1876 4513 Musarum
1942 4438 2105 4513 sede
2164 4461 2291 4512 nec
2359 4438 2534 4511 mihi
2600 4438 2896 4526 desunt,
2949 4463 3171 4540 quum
3218 4438 3578 4513 defunctos
3627 4440 3700 4512 in
3743 4440 4124 4514 memoriam
4163 4458 4246 4507 re·

1262 4582 1430 4633 voco
1450 4616 1469 4646 ,
1530 4557 1638 4631 vel
1692 4581 1911 4657 quum
1965 4581 2085 4631 vos
2136 4556 2412 4631 intueor
2427 4616 2446 4645 ‚
2509 4556 2661 4631 Viri
2709 4550 3129 4633 Clarissimi!
3182 4559 3525 4633 variarum
3575 4558 3832 4633 artium
3875 4569 3948 4633 et
3990 4554 4246 4652 discipli-

1264 4702 1515 4751 narum
1578 4675 1652 4748 in
1726 4677 1855 4751 hac
1914 4668 2295 4752 'Academia
2363 4676 2831 4753 Professores!
2901 4702 3278 4777 earumque
3332 4693 3733 4753 ornamenta
3779 4689 3852 4753 et
3897 4676 4124 4753 decus!
4167 4714 4246 4731 -

1262 4792 1523 4885 Quidni
1586 4804 1821 4871 autem
1884 4796 2145 4873 fatear?
2214 4797 2335 4891 (sit
2385 4798 2583 4873 venia
2631 4797 2876 4875 fatenti
2897 4800 2946 4894 Ξ)
3013 4824 3129 4875 me
3183 4806 3408 4876 vestro
3465 4800 3800 4900 adspectu
3852 4799 4062 4895 magis
4107 4792 4244 4891 angi
