4766 6034
1796 623 2351 692 ORATIO.
3474 625 3602 692 295

563 853 700 906 nus
757 851 882 928 per
943 827 1208 928 aliquot
1261 851 1538 904 menses
1581 827 1828 906 ultima
1885 829 2235 907 barbaries
2281 829 2446 905 huic
2504 829 2691 905 orbis
2737 836 3075 908 terrarum
3138 832 3320 932 parti
3368 831 3599 908 immi-

563 950 794 1025 nuerit
810 1006 830 1037 ‚
899 972 1042 1024 nou
1111 947 1506 1048 prohibuit,
1576 972 1718 1048 quo
1799 951 2033 1026 minus
2114 949 2610 1026 admirabiliter
2627 1006 2648 1038 ,
2716 950 2933 1026 fateor
2950 1009 2970 1040 ,
3042 950 3594 1051 potentissimam

561 1075 830 1169 regeret
877 1068 1225 1144 civitatem
1285 1068 1402 1144 ille
1447 1068 1598 1169 ipse
1618 1127 1638 1158 ,
1691 1071 1813 1169 qui
1859 1070 2206 1169 quomodo
2253 1093 2336 1145 ea
2383 1069 2649 1170 potitus
2698 1069 2785 1144 sit
2840 1095 2979 1146 non
3026 1071 3250 1146 dicere
3300 1080 3604 1172 praestat

559 1196 1043 1288 praeterquam
1091 1189 1220 1278 sic,
1271 1183 1624 1264 neminem
1669 1213 1872 1288 posse
1886 1247 1907 1278 ‚
1955 1183 2072 1266 cui
2115 1190 2334 1266 virtus
2371 1189 2447 1263 in
2485 1195 2759 1289 pectore
2809 1188 3079 1290 integra
3125 1202 3398 1279 manet,
3448 1217 3603 1268 eam

558 1306 816 1407 agendi
865 1308 1205 1383 rationem
1272 1331 1414 1382 non
1473 1309 1760 1382 omnino
1815 1308 2165 1385 damnare.
2275 1311 2378 1383 At
2428 1331 2763 1407 quorsum
2830 1308 2999 1384 haec
3051 1312 3415 1410 spectant?
3512 1313 3603 1386 Id

563 1426 984 1514 ostendunt,
1013 1423 1364 1504 auditores
1387 1485 1408 1517 ,
1439 1451 1578 1502 non
1607 1453 1809 1528 posse
1837 1451 2064 1527 neque
2093 1430 2530 1504 inventorum
2560 1427 2835 1502 laudem
2857 1485 2877 1516 ‚
2903 1437 3027 1504 aut
3051 1429 3371 1528 physicas
3398 1431 3601 1506 disci-

561 1545 790 1646 plinas
835 1547 1154 1644 quamvis
1201 1555 1274 1622 et
1319 1547 1632 1646 egregias
1659 1555 1730 1622 et
1757 1547 1894 1622 late
1919 1554 2238 1648 patentes
2255 1605 2276 1637 ,
2307 1545 2415 1620 vel
2446 1546 2741 1622 civitatis
2772 1549 3390 1652 prudentissimum
3420 1553 3597 1649 regi-

559 1689 722 1740 men
743 1722 764 1754 ,
809 1665 1197 1740 libertatem
1247 1667 1549 1765 denique
1585 1667 1886 1767 amplam
1909 1725 1930 1756 ,
1968 1692 2012 1743 a
2042 1666 2615 1768 temperatissima
2640 1665 2804 1742 inde
2828 1667 2920 1742 ad
2944 1667 3383 1744 immodicam
3408 1670 3601 1746 illam

559 1793 632 1859 et
669 1783 1073 1860 effrenatam
1092 1843 1115 1874 ,
1147 1809 1420 1886 semper
1445 1787 1780 1886 impedire
1798 1844 1819 1876 ‚
1854 1811 1996 1886 quo
2033 1786 2271 1862 minus
2307 1785 2417 1894 vel
2442 1785 2749 1884 tyrannis
2773 1785 3141 1887 derepente
3164 1789 3425 1864 oriatur
3441 1846 3462 1878 ,
3494 1791 3603 1890 vel

414 1957 424 1964 -
560 1903 882 2002 pessimis
913 1904 1182 1980 artibus
1211 1905 1696 2005 triumphetur.
1759 1905 1962 1997 Quod
1985 1931 2110 2006 per
2137 1913 2409 1980 nostras
2433 1904 2697 1980 litteras
2726 1905 3073 2004 prohiberi
3098 1932 3300 2006 posse
3322 1908 3601 2008 ineptus
3648 2003 3655 2010 ,

559 2048 784 2100 essem
831 2025 892 2098 si
937 2025 1446 2103 contenderem.
1495 2028 1596 2100 At
1630 2026 1705 2101 in
1743 2026 2086 2102 eiusmodi
2131 2024 2521 2100 calamitate
2543 2082 2566 2113 ,
2604 2047 2973 2124 rerumque
3001 2026 3442 2103 subversione
3472 2027 3600 2102 hae

554 2144 928 2242 praebent,
971 2169 1112 2242 quo
1146 2145 1450 2245 refugias
1469 2203 1490 2234 ,
1531 2144 1662 2220 hae
1703 2169 1843 2244 quo
1877 2169 2141 2220 recrees
2180 2143 2496 2220 animum
2521 2149 2592 2216 et
2620 2142 2966 2218 sustineas
2983 2201 3004 2232 ,
3046 2143 3177 2220 hae
3204 2147 3561 2220 continent
3578 2205 3599 2235 ,

559 2263 818 2362 quibus
853 2271 1098 2362 pectus
1123 2265 1390 2339 nutrias
1411 2321 1432 2352 ‚
1472 2272 1554 2339 ut
1591 2264 1650 2338 si
1674 2263 1782 2339 vel
1809 2261 2155 2362 quidquid
2184 2262 2545 2350 illabatur,
2582 2261 3015 2360 impavidum
3038 2271 3274 2339 tamen
3298 2271 3381 2338 ut
3402 2265 3599 2339 inuo-

553 2394 828 2458 centem
893 2383 1144 2459 feriant
1199 2383 1461 2459 ruinae.
1561 2385 1792 2458 Nemo
1841 2385 1966 2484 qui
2019 2383 2304 2482 quidem
2350 2387 2536 2456 recte
2577 2386 2649 2454 et
2700 2381 2959 2480 cogitet
3006 2390 3077 2456 et
3120 2383 3409 2472 sentiat,
3459 2407 3601 2458 non

554 2501 937 2577 meliorem‘
965 2527 1116 2578 sese
1171 2502 1650 2578 intellecturus
1701 2510 1810 2578 est
1857 2527 2022 2579 cum
2070 2500 2578 2588 retractaverit,
2634 2525 2815 2599 quae
2859 2501 3221 2576 Pnarcms
3268 2501 3487 2602 egerit
3530 2510 3602 2578 et

553 2621 1094 2696 Ermmonms
1153 2629 1230 2696 et
1270 2623 1802 2699 Pnrnoronusn
1825 2681 1844 2712 ,
1909 2645 2252 2722 quaenam
2297 2621 2715 2696 'susurras
2766 2619 3130 2694 Aousrmr
3180 2619 3426 2711 frater,
3476 2631 3602 2697 aut

553 2765 942 2839 numquam
987 2741 1104 2816 ille
1147 2743 1315 2818 satis
1359 2743 1752 2819 laudandus
1793 2743 2266 2843 Syracusanus
2301 2739 2901 2828 Haauocaa'rns3
2954 2763 3161 2815 nemo
3206 2739 3342 2815 nisi
3378 2741 3601 2816 admi-

552 2859 912 2936 rabundus
989 2861 1268 2936 chmu
1351 2863 1755 2965 S‘romms,
1823 2869 1949 2938 aut
2016 2861 2236 2936 Faan
2309 2859 2691 2934 Bonnam
2768 2857 2911 2932 veri
2980 2859 3183 2934 istius
3254 2860 3560 2935 Maxmr
3582 2917 3605 2950 ,

555 2981 946 3057 Rur11.11ve
989 2981 1182 3057 Rurr
1235 2981 1526 3081 vestigia
1567 2990 1868 3081 premet,
1919 2980 2177 3080 quibus
2213 2978 2693 3059 indubitanter
2734 2976 2919 3053 addo
2966 2977 3189 3055 virum
3224 2979 3413 3056 hunc
3454 2981 3603 3057 sine

555 3100 874 3200 exemplo
921 3101 1348 3199 praeclarum
1367 3160 1388 3191 ,
1439 3104 1716 3178 lumtm
1757 3102 2186 3177 cusanam.
2255 3099 2600 3175 Adiiciam
2644 3096 3101 3195 paucissimos
3122 3158 3145 3189 ,
3193 3123 3283 3174 ne
3315 3101 3605 3199 antiqua

558 3221 760 3295 unice
813 3220 1046 3295 mirari
1091 3220 1359 3325 videar,
1433 3230 1506 3297 et
1565 3220 1756 3296 subit
1797 3220 2112 3295 animum
2156 3219 2489 3293 memoria
2537 3218 2901 3291 Iommus
2950 3219 3364 3309 Haurnmv,
3412 3222 3605 3297 subit

555 3343 824 3415 Arnus
873 3341 1208 3443 Roana‘rr
1257 3342 1562 3417 Tuaoo‘r
1578 3400 1599 3429 ,
1665 3364 1842 3441 quos
1907 3340 2032 3441 qui
2079 3338 2409 3439 suspiciet
2472 3344 2545 3411 et
2598 3336 3021 3428 imitabitur,
3072 3340 3197 3439 qui
3242 3341 3415 3417 tales
3466 3341 3603 3416 sibi

554 3484 642 3535 ex
685 3459 1016 3535 historiae
1061 3460 1296 3535 studio
1337 3460 1608 3536 fructus
1653 3460 2180 3561 comparaverit,
2231 3460 2340 3533 vel
2375 3456 2805 3533 miserrimus
2842 3464 3076 3533 tamen
3107 3460 3603 3561 aliquantisper

556 3578 806 3655 beatus
865 3579 996 3653 erit
1055 3587 1126 3653 et
1183 3579 1257 3655 in
1316 3579 1488 3679 ipsis
1553 3579 1766 3655 etiam
1832 3579 2126 3655 vinculis
2195 3578 2389 3655 liber.
2508 3575 2811 3651 Ultimos
2867 3578 3203 3655 reservavi
3220 3637 3242 3669 ,
3306 3602 3483 3679 quos
3524 3580 3600 3655 in

554 3697 798 3796 primis
870 3698 1236 3774 voluissem
1259 3756 1281 3788 ,
1351 3700 1528 3774 duos
1603 3708 1942 3773 nostrates
1963 3756 1984 3787 ,
2056 3698 2232 3773 duos
2251 3755 2272 3787 ,
2341 3697 2601 3798 quibus
2668 3697 2781 3771 vix
2860 3698 3186 3773 credibile
3257 3708 3613 3798 quantum.

556 3816 894 3893 debemus
951 3819 1084 3893 seri
1145 3819 1402 3917 posteri
1469 3821 1866 3895 etiamnunc
1921 3842 2199 3907 omnes,
2269 3819 2735 3894 Gmmmaros
2805 3818 3112 3916 primum
3159 3826 3231 3894 et
3274 3819 3554 3895 tertium
3575 3880 3595 3909 ,

551 3935 895 4036 principes
942 3938 1437 4015 Anausmcos.

653 4056 1144 4132 contrahenda
1195 4064 1398 4146 sunt,
1447 4082 1626 4157 quae
1666 4056 2028 4156 hucusque
2065 4057 2510 4133 adduximus.
2609 4056 3069 4132 Ostendimus
3088 4113 3108 4144 ‚
3156 4057 3590 4155 temporibus

557 4200 598 4250 e
672 4175 890 4251 medii
956 4177 1108 4252 aevi
1167 4175 1482 4252 barbarie
1546 4200 1769 4277 nuper
1833 4176 2348 4275 emergentibus
2409 4200 2739 4275 magnam
2804 4175 3020 4251 fuisse
3087 4183 3159 4249 et
3223 4175 3593 4251 salutarem

552 4296 1004 4396 antiquarum
1073 4294 1456 4371 litterarum
1517 4297 1660 4372 vim
1717 4296 1794 4372 in
1854 4320 2078 4397 genus
2119 4296 2505 4371 humanum
2520 4352 2541 4383 ,
2590 4294 2715 4370 sed
2760 4319 2946 4371 nunc
2983 4295 3181 4370 aliter
3220 4294 3357 4371 iam
3400 4295 3589 4394 cogi-

554 4416 732 4505 tari,
797 4439 1025 4515 neque
1093 4440 1135 4491 a
1201 4414 1449 4491 litteris
1499 4415 1802 4491 eundem
1865 4425 2078 4515 atque
2138 4415 2305 4491 olim
2353 4416 2583 4489 locum
2634 4414 2879 4503 teneri3
2946 4437 3125 4513 quae
3180 4421 3416 4488 tamen
3462 4413 3590 4487 mi-

556 4536 746 4611 nime
801 4527 1170 4611 reiicienda
1237 4543 1440 4626 sunt,
1507 4536 2074 4637 quandoquidem
2138 4560 2338 4611 suam
2396 4533 2530 4609 sibi
2590 4533 2868 4609 laudem
2926 4534 3005 4619 in
3070 4530 3417 4609 edocenda
3481 4532 3603 4609 iuss,

558 4663 844 4731 ventute
905 4654 1298 4745 vindicant,
1369 4656 1698 4755 quoniam
1769 4664 1842 4731 et
1901 4655 2093 4755 ipsae
2159 4654 2537 4730 maximam
2602 4652 2862 4729 habent
2920 4653 3290 4728 utilitatem
3358 4653 3589 4728 animo

557 4774 994 4877 informando
1012 4832 1034 4867 ,
1083 4782 1235 4853 tum
1281 4785 1552 4853 suamet
1591 4776 1900 4876 ipsarum
1942 4774 2228 4867 virtute,
2279 4782 2431 4869 tum
2475 4773 2641 4875 quia
2676 4774 2749 4850 in
2794 4798 3031 4852 earum
3066 4774 3379 4886 ordinem
3417 4772 3590 4851 aliae
