4766 6034
1866 642 2421 712 ORATIO.
3535 639 3662 707 201

616 880 863 957 parum
903 854 1079 930 dice.
1146 852 1327 933 Quis
1354 852 1545 933 enim
1562 912 1587 943 ,
1622 854 1953 955 neglectis
1990 856 2308 955 gentium
2342 853 2549 929 sacris
2571 911 2590 941 ‚
2634 876 2706 927 se
2745 852 2957 927 vitam
2985 876 3226 927 earum
3273 850 3656 925 intellectu-

614 1000 774 1050 rum
808 998 959 1049 esse
982 974 1239 1074 putat?
1289 972 1428 1047 Sed
1455 974 1647 1071 quod
1679 982 2029 1051 auctorem
2058 976 2270 1051 huius
2304 972 2654 1074 religionis
2683 972 3034 1047 cardinem
3081 980 3357 1060 vocant,
3403 972 3477 1045 in
3517 995 3660 1070 quo

615 1094 932 1169 Historia
994 1100 1300 1167 vertatur
1314 1148 1336 1181 ,
1395 1093 1523 1169 hoc
1567 1094 1770 1195 longe
1817 1096 2095 1195 gravius
2137 1104 2283 1185 est,
2348 1096 2732 1193 miramque
2783 1092 2994 1168 habet
3013 1152 3032 1181 ,
3097 1093 3156 1166 si
3201 1092 3377 1167 nihil
3427 1092 3662 1191 pusilli

472 1264 481 1271 ·
616 1216 1071 1303 admiscetur,
1103 1222 1259 1289 tum
1287 1213 1743 1313 simplicitatis
1771 1222 1925 1291 tum
1956 1215 2401 1292 sublimitatis
2425 1214 2724 1291 laudem.
2776 1214 3127 1289 Omnibus
3150 1222 3387 1289 autem
3407 1270 3426 1301 ,
3478 1238 3656 1312 quae

614 1343 965 1435 spectant,
1015 1333 1349 1434 gravitate
1382 1334 1728 1408 antecellit
1755 1335 2069 1410 studium
2095 1336 2377 1411 consilia
2404 1335 2636 1410 divina
2661 1333 2735 1408 in
2765 1334 3084 1433 gentium
3111 1333 3320 1408 rebus
3346 1332 3649 1434 singilla-

612 1456 743 1530 tim
766 1454 1200 1553 assequendi.
1256 1454 1372 1528 Sic
1394 1453 1586 1528 tendi
1606 1454 2005 1530 existimant
2026 1454 2118 1529 ad
2137 1454 2672 1554 Historiologiae
2700 1454 3094 1555 fastigium,
3130 1453 3318 1529 unde
3339 1478 3656 1541 cernens,

615 1575 1209 1674 quemadmodum
1248 1598 1357 1648 res
1398 1598 1635 1648 eorum
1653 1633 1674 1662 ,
1723 1573 1982 1673 quibus
2024 1574 2222 1650 aditu
2268 1575 2359 1650 ad
2401 1599 2747 1663 summam
2791 1575 3182 1649 libertatem
3214 1574 3403 1650 haud
3446 1575 3654 1650 inter-

614 1694 882 1769 dictum
950 1695 1079 1782 sit,
1145 1693 1477 1768 divinitus
1523 1702 2007 1793 procurentur,
2068 1720 2211 1770 non
2276 1695 2650 1795 spectaculi
2725 1696 3136 1795 particulam
3195 1695 3426 1769 videas
3449 1754 3467 1784 ,
3533 1695 3658 1770 sed

612 1814 732 1887 illo
786 1814 1129 1889 oblectere
1185 1814 1476 1914 integro.
1579 1816 2013 1891 Praeclarum
2068 1806 2233 1891 sane
2286 1815 2718 1915 propositum
2739 1875 2760 1905 ,
2825 1816 2949 1891 sed
3013 1816 3312 1891 arduum
3383 1814 3660 1913 taleque

614 1934 936 2024 omnino,
1000 1944 1081 2009 ut
1148 1934 1373 2033 prima
1440 1942 1845 2034 sequentem
1902 1961 2041 2011 non
2090 1946 2293 2035 turpe
2342 1936 2434 2011 sit
2480 1937 2852 2013 consistere
2873 1936 2972 2017 ,in
3029 1935 3390 2011 secundis!
3471 1936 3660 2010 Ante

613 2056 739 2129 hos
788 2063 1057 2154 septem
1102 2062 1175 2129 et
1214 2054 1504 2154 triginta
1526 2079 1743 2131 annos
1783 2057 2131 2156 Borgerus
2170 2081 2211 2130 e
2246 2056 2574 2131 cathedra
2613 2056 2940 2131 Leidensi
2985 2055 3368 2131 orationem
3409 2053 3658 2131 habuit

588 2174 701 2249 (de
772 2172 1135 2249 Historiae
1192 2174 1485 2249 Doctore
1503 2231 1524 2262 ,
1596 2174 2084 2250 Providentiae
2146 2176 2418 2275 divinae
2490 2178 2912 2252 administro.
3015 2176 3221 2251 Hanc
3277 2174 3658 2250 orationem

612 2293 946 2381 lectitavi,
997 2293 1288 2368 aliorum
1332 2292 1586 2392 scripta
1617 2292 1992 2368 mcditatus
2028 2295 2183 2369 sum
2200 2352 2219 2381 ,
2270 2294 2622 2369 Historiae
2663 2320 2776 2369 me
2809 2296 2882 2370 in
2924 2295 3361 2395 disciplinam
3400 2295 3657 2379 tradidi

611 2438 912 2513 cumque
972 2413 1125 2488 eius
1190 2413 1570 2513 praeceptis
1639 2438 1875 2488 vocem
1947 2413 2209 2489 contuli
2229 2473 2248 2502 ,
2313 2438 2526 2513 quam
2591 2415 2666 2488 in
2716 2415 2896 2491 vitae
2950 2415 3182 2491 schola
3231 2415 3650 2490 audiveram.

612 2536 1009 2635 Intelligere
1057 2534 1229 2609 mihi
1272 2534 1459 2608 visus
1504 2558 1661 2608 sum
1686 2592 1705 2621 ,
1755 2534 1946 2608 nulla
1998 2534 2069 2607 in
2120 2558 2195 2609 re
2237 2534 2329 2609 ad
2382 2558 2658 2609 summa
2705 2535 3022 2610 tendenti
3069 2534 3310 2610 utilius
3355 2535 3659 2635 praecipi

596 2659 871 2751 festina
930 2658 1129 2730 lente.
1230 2656 1415 2729 Nam
1480 2654 1661 2729 duae
1720 2654 2145 2729 obiiciuntur
2203 2654 2644 2729 difficultates
2667 2714 2686 2743 ,
2751 2680 3046 2754 quarum
3099 2656 3348 2743 altera,
3403 2656 3461 2729 si
3512 2680 3654 2730 non

612 2775 799 2862 tolli,
865 2782 1049 2849 certe
1094 2774 1320 2849 minui
1366 2783 1595 2873 potest
1638 2782 1709 2849 et
1754 2774 1999 2851 aetatis
2049 2780 2323 2851 nostrae
2370 2775 2624 2850 studiis
2677 2783 2749 2849 et
2801 2777 3040 2851 ardore
3090 2776 3407 2852 nonnihil
3457 2778 3658 2852 nobis

613 2896 757 2971 visa
816 2903 922 2969 est
982 2894 1189 2969 levari
1208 2953 1227 2983 ‚
1294 2894 1506 2969 altera
1527 2954 1546 2983 ,
1596 2919 1866 2993 semper
1907 2896 2149 2971 eadem
2170 2954 2191 2984 ‚
2241 2895 2453 2970 habet
2508 2895 2700 2994 quod
2745 2896 3080 2995 gravitate
3125 2922 3251 2971 sua
3296 2897 3654 2997 percellat:

609 3016 725 3093 illa
782 3017 859 3092 in
916 3023 1112 3093 metu
1160 3014 1384 3114 posita
1406 3073 1427 3104 ,
1477 3041 1565 3090 ne
1604 3015 2045 3091 consiliorum
2086 3014 2480 3092 divinorum
2525 3016 2998 3115 interpretatio
3018 3076 3037 3105 ,
3089 3043 3268 3116 quae
3311 3008 3484 3118 rupe
3529 3019 3660 3092 niti

612 3119 855 3224 debe't,
924 3143 1437 3235 superstruatur
1492 3161 1699 3213 arena
1722 3193 1741 3224 ,
1810 3137 1977 3212 haee
2035 3135 2402 3212 discrimen
2460 3145 2778 3236 spectans
2819 3136 3115 3211 hominis
3161 3143 3232 3210 et
3282 3137 3465 3225 Dei,
3517 3163 3656 3238 quo

610 3257 756 3330 fieri
816 3281 1345 3356 nonnumquam
1405 3264 1633 3355 potest
1652 3315 1673 3344 ,
1736 3266 1818 3331 ut
1861 3257 2225 3356 utriusque
2268 3256 2448 3332 ratio
2495 3256 2925 3357 pragmatica
2967 3257 3406 3356 aliquantum
3455 3257 3650 3332 diffe-

611 3385 753 3464 rat,
819 3376 990 3474 quin
1051 3382 1341 3474 pugnet.
1442 3375 1605 3448 Non
1669 3375 2021 3473 quaeritur
2082 3401 2125 3451 a
2190 3400 2305 3452 me
2355 3402 2508 3449 num
2561 3401 2672 3451 res
2721 3377 3066 3453 humanae
3115 3377 3446 3452 divinitus
3493 3405 3646 3479 pro-

610 3504 955 3570 curentur.
1055 3493 1404 3593 Equidem
1468 3494 1767 3568 delector
1826 3495 2137 3568 Gustavo
2191 3493 2516 3594 Adelpho
2536 3553 2556 3582 ,
2617 3495 2740 3593 qui
2801 3519 3020 3593 quum
3062 3495 3140 3569 in
3185 3496 3513 3571 Borussia
3559 3497 3649 3573 ab

610 3617 831 3691 Axelo
906 3614 1365 3714 Oxenstjerna
1422 3620 1815 3688 moneretur
1833 3671 1852 3703 ,
1913 3639 2002 3688 ne
2046 3612 2371 3690 audacter
2419 3639 2494 3689 se
2541 3613 2615 3688 in
2665 3614 2844 3690 vitae
2893 3615 3278 3714 periculum
3325 3615 3649 3706 inferret,

610 3739 757 3836 ipse
814 3743 963 3811 tam
1024 3759 1231 3810 suum
1279 3733 1412 3808 sibi
1460 3757 1718 3808 munus
1764 3724 2095 3808 divinitus
2141 3734 2572 3834 assignatum
2625 3761 2781 3812 esse
2809 3719 3118 3812 scensens
3163 3761 3377 3836 quam
3415 3763 3650 3812 rerum

608 3881 889 3933 cursum
957 3857 1100 3930 vita
1158 3879 1287 3930 sua
1346 3853 1815 3929 circumscribi
1867 3878 2165 3954 negans,
2213 3855 2409 3940 Deus
2429 3915 2449 3944 ,
2499 3856 2763 3956 inquit,
2813 3859 3008 3932 Deus
3057 3858 3494 3958 omnipotens
3547 3861 3646 3934 vi-

610 3979 709 4053 vit
752 3982 840 4071 1).
944 3977 1085 4052 Sed
1139 3977 1677 4077 quemadmodum
1728 3973 1886 4072 illae
1934 3999 2045 4048 res
2098 3983 2587 4074 procurentur,
2637 3977 2809 4075 quid
2853 3978 2927 4051 in
2969 3981 3252 4077 sinyaltls
3291 4004 3644 4079 quareque

606 4099 781 4174 illud
824 4095 1266 4172 Providentia
1310 4095 1543 4170 divina
1592 4102 1756 4193 agat
1774 4152 1793 4182 ‚
1844 4094 2101 4194 quibus
2147 4095 2424 4194 legibus
2474 4104 2545 4170 et
2590 4097 2926 4171 institutis
2975 4121 3198 4196 genus
3250 4098 3634 4176 humanum

608 4224 803 4317 regat
869 4224 941 4292 et
1002 4222 1377 4315 temperet,
1445 4215 1575 4289 hoc
1632 4216 2133 4290 accuratissime
2195 4215 2568 4312 quaeritur.
2671 4215 2818 4295 Qui
2887 4217 2959 4291 in
3032 4216 3200 4291 haec
3255 4219 3640 4316 penetravit

608 4335 962 4435 tantisque
1004 4336 1210 4411 sacris
1255 4334 1569 4410 initiatus
1607 4343 1747 4422 est,
1797 4333 1984 4408 hunc
2022 4332 2304 4433 plurimi
2354 4333 2531 4408 facio
2581 4343 2652 4408 et
2693 4335 2784 4410 ab
2836 4360 2917 4410 eo
2978 4336 3237 4411 discere
3285 4337 3509 4436 gestio
3558 4345 3638 4411 ut

610 4483 652 4532 a
708 4456 985 4531 nemine
1038 4455 1285 4555 magis.
1328 4505 1353 4518 -
1386 4455 1533 4534 Qui
1565 4462 1815 4531 autem
1866 4454 1991 4529 hos
2036 4453 2349 4529 nondum
2400 4453 2563 4528 fecit
2609 4479 3012 4554 progressus
3033 4514 3052 4543 ,
3101 4479 3340 4530 verum
3381 4456 3453 4530 in
3500 4457 3636 4556 pri·
3735 4467 3742 4474 '

610 4577 743 4650 mis
784 4575 1141 4650 elementis
1188 4567 1563 4675 occupatus
1605 4575 1680 4662 id
1730 4574 1955 4650 solum
1998 4581 2224 4663 tenet,
2275 4573 2452 4648 nihil
2489 4573 2589 4648 illi
2629 4575 3089 4674 procurationi
3139 4575 3228 4650 ad
3276 4575 3630 4676 perfectio·
3731 4557 3743 4566 ’

698 4825 749 4904 ¹)
805 4826 1027 4905 GeiJer‚
1071 4827 1389 4888 Geaeckicbte
1426 4828 1758 4888 Schwedm.
1798 4825 1906 4888 Bd.
1950 4831 2019 4898 8,
2062 4843 2116 4905 p.
2162 4829 2296 4889 247.

3157 4931 3250 4999 26
