4766 6034
1249 632 1336 697 42
2320 629 2387 699 ιτ.
2471 628 2551 695 e.
2636 582 3315 696 Knlsern‘

1249 838 1462 915 fuerit
1521 844 1950 913 exstructum
1971 892 1990 924 ,
2060 836 2250 934 quod
2314 861 2437 935 per
2501 844 2809 913 nostram
2872 837 3169 939 patriam
3222 836 3569 911 incassum
3634 837 3973 937 anquires.
4064 840 4242 918 Quod

1249 960 1438 1035 enim
1505 958 1666 1035 talia
1736 957 2060 1033 instituta
2111 956 2475 1057 hucusque
2532 957 3011 1033 desiderantur
3030 1015 3051 1047 ,
3094 957 3164 1032 ei
3205 956 3647 1056 potissimum
3696 958 3996 1035 tribuam
4036 959 4244 1035 nullibi

1249 1096 1586 1155 terrarum
1647 1086 1754 1153 tot
1819 1076 2172 1153 difformes
2195 1136 2215 1165 ‚
2279 1079 2564 1155 mutilos
2613 1104 3033 1179 mancosque
3084 1078 3226 1155 vias
3274 1078 3595 1154 obsidere
3642 1086 3715 1154 et
3760 1078 3909 1155 fora
3952 1078 4243 1155 obambu-

1249 1202 1390 1275 lare
1441 1224 1656 1299 quam
1705 1200 1780 1273 in
1829 1199 1982 1298 ipsa
2031 1206 2269 1273 nostra
2316 1199 2560 1298 patria.

1348 1322 1668 1396 Iniustus
1737 1344 1962 1395 essem
2029 1345 2110 1395 ac
2175 1319 2494 1425 ingratus
2513 1377 2534 1409 ,
2614 1320 2675 1394 si
2730 1326 3108 1418 occupatus
3160 1318 3237 1393 in
3282 1319 3770 1394 enumerandis
3818 1320 3986 1393 artis
4024 1318 4245 1393 chirur-

1249 1439 1444 1541 gicae
1509 1440 1990 1541 progressibus
2039 1448 2111 1514 et
2161 1439 2603 1514 incrementis
2670 1439 2945 1514 silentio
3000 1439 3617 1539 praetermitterem
3690 1464 3943 1516 novam
4006 1438 4251 1513 curandi

1253 1562 1589 1637 rationem
1607 1621 1626 1650 ‚
1707 1586 1886 1661 quae
1958 1560 2223 1635 ossium
2297 1560 2625 1635 sanandis
2690 1560 3010 1635 fracturis
3072 1561 3345 1660 proprie
3402 1560 3750 1635 destinata
3768 1619 3789 1649 ‚
3858 1558 4092 1635 multis
4128 1557 4251 1632 aliis

1251 1682 1529 1757 casibus
1571 1682 1886 1757 adhibita
1909 1740 1929 1769 ‚
1981 1689 2054 1755 et
2092 1680 2358 1756 factum
2392 1689 2500 1755 est
2536 1705 2757 1755 unum
2796 1706 2832 1756 ε
2862 1679 3331 1756 saluberrimis
3368 1681 3894 1780 utilissimisque
3940 1676 4250 1764 remediis,

1249 1827 1546 1901 quorum
1612 1802 1934 1903 chirurgo
1998 1810 2302 1902 potestas
2365 1810 2472 1877 est
2538 1802 2741 1877 facta.
2840 1802 3017 1877 Dico
3072 1825 3331 1877 novum
3378 1801 3556 1877 illud
3594 1800 4033 1901 deligationis
4080 1824 4252 1897 appa·

1248 1931 1522 2011 ratum,
1571 1922 1686 1997 cui
1736 1929 2108 2022 apparatus
2155 1921 2533 1997 immobilis
2579 1946 2833 1997 nomen
2885 1930 2993 1996 est
3039 1922 3367 1997 inditum.

1349 2043 1800 2141 Quicumque
1864 2043 2322 2119 fracturarum
2391 2042 2743 2141 therapiae
2805 2067 3087 2141 operam
3134 2049 3466 2119 navarant
3485 2101 3505 2130 ‚
3572 2042 3713 2116 iam
3774 2042 3909 2115 diu
3946 2040 4253 2116 intellexe-

1247 2172 1404 2241 rant
1496 2165 1948 2264 dolenterque
2033 2171 2513 2264 persenserant
2602 2162 2977 2247 desiderari
3056 2163 3389 2263 aptiorem
3412 2221 3431 2251 ‚
3520 2162 3869 2237 utiliorem
3933 2158 4255 2259 simplicio·

1245 2310 1532 2385 remque
1595 2285 2032 2385 deligationis
2096 2290 2529 2383 apparatum.
2632 2284 2795 2357 Non
2854 2309 2995 2359 uno
3051 2284 3333 2358 nomine
3400 2282 3685 2357 vitiosae
3756 2306 3891 2357 nec
3946 2280 4257 2356 absolutae

1250 2415 1444 2483 erant
1478 2406 1838 2506 deligandi
1874 2406 2207 2494 rationes,
2245 2404 2507 2503 quibus
2544 2404 2919 2480 utebantur
2938 2463 2957 2493 ‚
3006 2428 3233 2503 neque
3266 2402 3588 2502 impediri
3623 2402 3894 2502 potuit,
3930 2400 4258 2501 quominus

1245 2526 1450 2602 anxia
1523 2526 1836 2627 chirurgi
1896 2550 2062 2601 cura
2130 2533 2202 2600 et
2281 2527 2651 2624 prudentia
2704 2526 3088 2601 identidem
3145 2525 3611 2601 eluderentur.
3732 2525 3802 2599 A
3872 2519 4258 2621 simfflicibus

1249 2646 1581 2722 vincturis
1639 2646 1732 2720 ad
1799 2645 2026 2744 magis
2091 2645 2495 2721 artificiosas
2558 2646 3089 2746 confugiebatur
3108 2705 3127 2735 ‚
3196 2645 3319 2721 sed
3385 2645 3579 2720 nulla
3644 2643 3833 2717 vitiis
3880 2638 4259 2741 corrigendis

1251 2774 1397 2843 erat
1443 2766 1732 2854 idonea;
1783 2765 2018 2864 itaque
2063 2790 2227 2841 mox
2276 2767 2368 2841 ad
2416 2766 2713 2867 priorem
2732 2750 2739 2755 ⁵
2760 2767 3211 2867 quantumvis
3251 2766 3567 2841 vitiosam
3619 2764 4035 2839 methodum
4076 2784 4258 2837 rever·

1250 2892 1486 2960 terunt
1504 2945 1525 2974 ,
1570 2886 1788 2962 donec
1826 2885 2168 2961 immobili
2205 2887 2600 2963 introducto
2636 2896 2975 2987 apparatu
3004 2912 3247 2963 omnes
3283 2886 3727 2962 difficultates
3752 2892 3926 2961 sunt
3950 2882 4226 2959 sublatae
4242 2936 4259 2965 ‚

1247 3005 1578 3082 omnibus
1673 3005 2230 3083 dubitationibus
2317 3016 2391 3084 et
2482 3008 3075 3086 vicissitudinibus
3142 3008 3303 3084 finis
3374 3014 3481 3084 est
3546 3006 3797 3082 factus.
3928 3004 4259 3079 vincturae

1245 3126 1625 3202 immobilis
1675 3125 2177 3227 antiquissimis
2224 3129 2366 3205 iam
2410 3129 2730 3206 inventae
2770 3130 3202 3230 temporibus
3251 3129 3635 3206 vindicasse
3692 3125 4098 3202 memoriam
4138 3122 4260 3196 laus

1247 3247 1542 3324 debetur
1580 3247 1957 3324 clarissimo
1985 3248 2298 3323 Lanam
2315 3306 2335 3338 ,
2387 3274 2513 3325 nec
2542 3250 2777 3326 minus
2808 3251 3083 3353 egregie
3106 3274 3273 3350 erga
3294 3257 3515 3324 artem
3538 3255 3856 3324 nostram
3879 3245 4156 3320 meritus
4178 3247 4261 3314 est

1247 3368 1668 3444 clarissimus
1691 3369 1990 3456 Snurm,
2011 3369 2136 3467 qui
2171 3393 2325 3444 eam
2348 3369 2655 3444 reddidit
2692 3370 3177 3469 simpliciorem
3197 3429 3218 3460 ,
3254 3369 3649 3445 inchoatam
3666 3363 4147 3442 tantummodo
4164 3359 4260 3434 ab·

1254 3489 1456 3563 solvit
1487 3496 1560 3564 et
1601 3488 1882 3577 docuit,
1927 3513 2068 3587 quo
2101 3497 2302 3587 pacto
2341 3489 2496 3565 aliis
2521 3515 2799 3589 quoque
2822 3491 3147 3566 curandis
3170 3490 3353 3564 vitiis
3374 3488 3592 3588 possit
3620 3485 3979 3563 adhiberi:
4017 3483 4261 3558 fuerunt

1227 3607 1380 3703 ¹qui
1431 3631 1610 3682 novo
1651 3607 2088 3706 deligationis
2124 3610 2398 3708 generi,
2449 3635 2589 3709 quo
2636 3610 3093 3686 fracturarum
3134 3610 3395 3685 ossium
3444 3608 3755 3707 therapia
3802 3605 4091 3682 omnino
4132 3623 4258 3676 mu·

1257 3734 1404 3801 tata
1447 3735 1518 3800 et
1562 3727 1696 3802 alia
1741 3739 1847 3800 est
1890 3726 2071 3802 facta
2090 3787 2111 3817 ‚
2162 3729 2689 3805 adversarentur
2711 3788 2730 3818 ‚
2780 3731 2905 3805 sed
2952 3755 3175 3830 quum
3214 3729 3636 3827 experientia
3675 3728 4001 3815 doceret,
4038 3728 4259 3823 quanta

1253 3846 1520 3921 inventi
1567 3853 1752 3920 esset
1780 3847 2200 3946 praestantia
2218 3906 2239 3936 ‚
2292 3857 2513 3924 tacere
2555 3851 2729 3925 iussi
2770 3858 2935 3925 sunt
2970 3851 3093 3949 qui
3119 3851 3559 3925 inventorum
3586 3849 3849 3948 gloriae
3874 3843 4257 3922 invidebant.

1259 3966 1512 4065 Itaque
1561 3989 1700 4040 non
1753 3965 1978 4042 solum
2017 3973 2395 4042 correctam
2445 3968 2882 4068 deligationis
2918 3969 3165 4044 lucrati
3208 3993 3455 4044 sumus
3492 3969 3833 4044 rationem
3855 4027 3876 4058 ,
3930 3965 4051 4042 sed
4082 3959 4257 4037 etiam

1255 4084 1680 4184 chirurgiae,
1733 4109 1948 4184 quam
1994 4096 2513 4162 conservantem
2550 4089 3080 4188 appellavimuS,
3119 4114 3379 4165 novum
3420 4088 3949 4189 suppeditatum
3970 4094 4076 4161 est
4098 4077 4255 4158 auxi-

1254 4204 1427 4280 lium
1448 4264 1469 4294 ,
1534 4230 1676 4304 quo
1719 4204 1981 4280 mederi
2023 4205 2243 4304 possit
2293 4208 2475 4283 vitiis
2494 4266 2515 4296 ,
2568 4208 2827 4308 quibus
2872 4210 3199 4285 sanandis
3238 4218 3442 4284 antea
3484 4207 3920 4307 amputando
3968 4199 4253 4282 secando·

1257 4350 1398 4424 que
1444 4326 1519 4401 in
1566 4324 1956 4402 laborantes
2005 4325 2282 4402 fuerant
2327 4328 2642 4427 grassati.

1353 4446 1502 4523 Nec
1567 4457 1800 4522 tamen
1871 4446 1944 4520 in
2001 4447 2308 4523 Snu'rrm
2375 4447 2501 4521 viri
2563 4447 2929 4522 clarissimi
2982 4448 3263 4523 invento
3307 4444 3891 4546 acquiescendum
3938 4467 4084 4517 esse
4126 4459 4253 4512 cen-

1263 4563 1508 4639 sebant
1563 4567 1870 4641 sollertes
1915 4567 2132 4642 nostri
2180 4567 2331 4643 aevi
2376 4567 2720 4667 chirurgi;
2774 4568 3113 4644 variarum
3160 4569 3544 4654 rationum,
3590 4563 3853 4663 quibus
3896 4562 4001 4637 illi
4050 4562 4253 4635 inven-

1265 4689 1410 4756 tam
1481 4683 1816 4760 rationem
1885 4687 2114 4762 conati
2175 4695 2340 4762 sunt
2386 4687 2753 4762 emendare
2792 4695 2865 4764 et
2913 4688 3330 4787 amplificare
3352 4747 3383 4777 ,
3424 4686 3539 4761 vix
3594 4709 3735 4760 una
3782 4691 3895 4758 est
3937 4725 4041 4743 -
4076 4679 4257 4754 laetor

1261 4799 1560 4878 referens
1629 4847 1731 4866 —-
1797 4805 2076 4883 maioris
2139 4807 2605 4906 graviorisque
2662 4807 2999 4886 momenti
3061 4833 3275 4910 quarn
3326 4833 3468 4909 qua
3532 4805 3699 4883 civis
3730 4811 3991 4906 ‚noster
4032 4796 4255 4899 optime
