4766 6034
1078 556 1249 695 ,ὠ
1602 706 1607 710 ἡ
2340 601 3016 675 A.KUENRN

1160 806 1255 885 ad
1302 823 1513 883 suum
1554 803 1829 881 flectere
1869 810 1943 880 et
1980 804 2390 906 detorquere
2407 864 2432 897 ,
2479 807 2608 885 sed
2641 808 2922 909 penitus
2957 805 3342 907 intelligere
3383 806 3712 908 cupiunt,
3760 813 3845 883 ut
3887 832 4194 908 aequum

1162 924 1251 1003 de
1296 949 1382 1003 eo
1427 924 1651 1003 ferant
1694 924 2049 1003 iudicium.

1260 1164 1403 1243 Sed
1461 1164 1604 1241 iam
1656 1163 1923 1241 diutius
1982 1165 2271 1241 fortasse
2330 1188 2464 1241 nos
2517 1164 2820 1241 detinuit
2859 1164 3210 1265 theologia
3256 1164 3598 1243 historica.
3695 1166 3864 1241 Fert
3906 1167 4196 1266 quidem

1158 1282 1311 1383 ipsa
1368 1282 1469 1358 rei
1531 1289 1780 1359 natura
1798 1340 1820 1373 ,
1890 1291 1973 1359 ut
2034 1285 2111 1360 in
2174 1285 2353 1361 hanc
2404 1284 2772 1385 praecipue
2818 1309 2907 1360 ex
2953 1290 3274 1361 accurato
3321 1284 3755 1383 antiquitatis
3805 1284 4196 1365 Hebraicae

1158 1402 1393 1477 studio
1454 1403 1901 1479 commodum
1959 1403 2305 1481 redundet
2320 1462 2343 1494 ,
2401 1428 2640 1481 verum
2697 1404 2896 1481 alteri
2955 1428 3236 1504 quoque
3278 1403 3664 1503 theologiae
3708 1406 3926 1504 parti,
3977 1416 4194 1507 syste-

1156 1522 1447 1598 maticae
1460 1579 1483 1611 ,
1558 1546 1977 1622 magnopere
2048 1524 2374 1623 prodesse
2448 1524 2722 1623 poterit.
2847 1524 2960 1599 De
3031 1521 3426 1622 dogmatica
3495 1522 3890 1601 Christiana
3912 1583 3934 1614 ,
4013 1550 4196 1625 quae

1155 1640 1538 1741 principem
1572 1642 1646 1716 in
1691 1666 1775 1718 ea
1810 1642 1947 1717 sibi
1990 1642 2293 1721 vindicat
2325 1643 2556 1720 locum
2574 1701 2597 1732 ,
2645 1643 2754 1719 uti
2785 1643 2998 1719 etiam
3027 1643 3116 1717 de
3152 1642 3418 1717 ratione
3450 1666 3590 1741 qua
3625 1668 3792 1719 cum
3829 1644 3923 1721 N.
3953 1646 4195 1725 Testa-

1154 1768 1395 1837 mento
1471 1768 1597 1837 aut
1651 1761 1847 1837 libris
1904 1762 2250 1839 Ecclesiae
2267 1820 2290 1852 ,
2348 1762 2552 1839 cuius
2613 1762 2780 1839 socii
2845 1784 3090 1837 sumus
3107 1820 3128 1851 ‚
3191 1760 3588 1860 symbolicis
3651 1763 4008 1855 cohaeret,
4077 1767 4199 1843 alii

1156 1879 1357 1957 aliter
1400 1887 1751 1957 statuunt:
1804 1904 2019 1979 quam
2062 1881 2539 1981 quaestionem
2577 1882 2936 1957 enucleare
2977 1880 3271 1981 longum
3313 1888 3420 1955 est
3455 1886 3528 1955 et
3566 1905 3611 1956 a
3646 1885 3997 1983 proposito
4039 1911 4200 1963 meo

1158 1998 1482 2075 alienum.
1580 1999 1699 2075 Ad
1773 2024 1917 2076 rem
1938 2058 1961 2090 ,
2030 2025 2241 2099 quam
2300 2024 2492 2077 nunc
2557 2025 2692 2101 ago
2712 2057 2734 2090 ,
2803 2000 3172 2075 discrimen
3243 1998 3786 2079 animadvertere
3861 2006 4156 2082 sufficiat
4173 2064 4197 2096 ,

1160 2119 1351 2217 quod
1365 2176 1386 2207 ‚
1452 2144 1567 2195 me
1631 2118 1915 2217 quidem
1965 2120 2195 2197 iudice
2214 2178 2235 2209 ‚
2281 2120 2466 2197 inter
2504 2122 2600 2197 N.
2653 2121 2980 2197 Foederis
3021 2119 3442 2220 theologiam
3479 2119 3845 2199 intercedit
3899 2133 3974 2200 et
4021 2126 4196 2226 dog-

1158 2238 1483 2315 maticam
1526 2238 2013 2319 Christianam.
2113 2240 2247 2319 Illa
2284 2241 2474 2317 enim
2490 2301 2511 2331 ,
2559 2241 2880 2319 historice
2925 2240 3410 2339 investiganda
3426 2298 3449 2328 ,
3491 2264 3762 2342 semper
3807 2252 3880 2318 et
3932 2242 4201 2343 ubique

1157 2358 1399 2435 eadem
1458 2365 1596 2447 est,
1658 2360 1975 2458 quamvis
2034 2386 2177 2437 non
2226 2362 2468 2439 eadem
2523 2386 2796 2462 semper
2847 2386 2974 2460 per
3019 2361 3448 2437 saeculorum
3505 2360 3872 2439 decursum
3923 2364 4000 2440 in
4041 2363 4197 2441 the-

1154 2478 1513 2579 ologorum
1554 2480 1803 2555 scholis
1844 2481 2053 2556 facies
2101 2482 2253 2557 eius
2294 2483 2600 2571 exstitit3
2649 2482 2820 2559 haec
2863 2506 3022 2557 vero
3058 2490 3130 2558 et
3173 2508 3217 2557 a
3261 2480 3636 2581 dogmatici
3674 2489 3746 2556 et
3787 2481 3876 2557 ab
3915 2484 4200 2573 aetatis,

1154 2622 1297 2698 qua
1340 2599 1511 2675 vivit
1531 2658 1554 2689 ,
1600 2600 1883 2697 ingenio
1931 2601 2231 2701 pendet,
2276 2601 2518 2700 illique
2559 2608 2896 2702 perpetuo
2940 2600 3524 2677 accommodanda
3562 2607 3709 2689 est,
3755 2600 3856 2675 ita
3891 2608 3974 2675 ut
4017 2602 4197 2679 vari-

1158 2726 1307 2793 etas
1348 2743 1437 2793 ex
1484 2719 1707 2817 ipsius
1749 2728 1999 2797 natura
2037 2722 2422 2797 necessario
2467 2731 2818 2821 sequatur.
2915 2722 3167 2820 Neque
3205 2719 3340 2796 hoc
3383 2732 3620 2797 tamen
3663 2721 3763 2797 ita
3803 2719 4198 2820 intelligan-

1162 2836 1338 2913 dum
1404 2844 1511 2913 est
1528 2894 1549 2926 ,
1610 2839 1811 2937 quasi
1860 2839 2031 2917 haec
2076 2840 2508 2940 singulorum
2557 2841 2842 2916 arbitrio
2887 2848 3068 2915 esset
3107 2838 3442 2939 permissa
3459 2896 3482 2928 ,
3528 2848 3652 2916 aut
3706 2838 3904 2914 nullo
3938 2864 4196 2940 cogna-

1166 2954 1379 3034 tionis
1414 2958 1689 3034 vinculo
1734 2984 1896 3036 cum
1934 2960 2055 3036 illa
2094 2960 2498 3038 coniuncta:
2543 2960 2640 3039 N.
2683 2958 3008 3036 Foederis
3045 2956 3206 3035 libri
3239 2980 3556 3036 normam
3592 2959 3794 3038 nobis
3822 2960 4196 3050 exhibent,

1154 3076 1247 3154 ad
1286 3102 1497 3176 quam
1518 3137 1539 3167 ,
1588 3078 1763 3178 quid
1808 3080 1899 3154 sit
1938 3082 2457 3171 Christianum,
2505 3081 2682 3181 quid
2725 3081 2960 3156 minus
2981 3139 3002 3169 ,
3049 3079 3578 3156 diiudicandum
3621 3089 3763 3158 est:
3815 3083 3932 3159 cui
3973 3083 4198 3183 igitur

1152 3198 1454 3273 examini
1502 3199 1778 3298 singula
1821 3199 2255 3280 Christianae
2300 3201 2738 3301 dogmaticae
2779 3207 3154 3300 systemata
3195 3199 3624 3276 subiicienda
3679 3210 3865 3277 sunt.
3961 3205 4196 3303 Expe-

1154 3317 1403 3393 rientia
1459 3328 1697 3394 autem
1769 3321 2008 3396 docuit
2025 3380 2046 3410 ,
2116 3324 2392 3398 nullum
2455 3347 2796 3421 umquam
2861 3322 3208 3396 exstitisse
3271 3322 3664 3419 systematis
3725 3324 4152 3400 conditorem
4171 3383 4194 3414 ,

1153 3436 1325 3534 quin
1386 3461 1427 3512 e
1458 3438 1584 3511 ·N.
1652 3439 2097 3516 Testamento
2150 3441 2246 3518 ad
2310 3418 2562 3539 placita
2607 3466 2734 3516 sua
2779 3440 3136 3540 probanda
3177 3448 3590 3540 argumenta
3629 3441 3944 3540 petierit3
3991 3445 4198 3520 cuius

1153 3554 1253 3630 rei
1316 3578 1563 3630 caussa
1618 3556 1877 3657 duplex
1930 3560 2298 3635 statuenda
2346 3570 2491 3634 est:
2557 3559 2772 3636 altera
2788 3617 2809 3648 ,
2868 3559 3058 3659 quod
3103 3559 3376 3636 nullum
3427 3559 3502 3634 in
3541 3560 3695 3658 ipso
3741 3563 3835 3639 N.
3885 3562 4194 3638 Foedere

1156 3680 1459 3770 systema
1516 3677 1889 3774 reperitur,
1956 3679 2079 3753 sed
2144 3703 2231 3753 ex
2294 3679 2686 3767 elementis,
2749 3678 2861 3755 hic
2903 3679 3044 3754 illic
3091 3679 3166 3753 in
3222 3680 3538 3778 populari
3589 3680 4025 3758 institutione
4081 3683 4192 3756 di-

1157 3792 1449 3892 sparsis,
1495 3794 1937 3874 condendum
1972 3805 2115 3887 cst;
2164 3799 2418 3886 altera,
2470 3799 2656 3898 quod
2687 3823 2726 3874 e
2756 3798 3050 3898 singulis
3092 3799 3131 3872 1
3149 3822 3308 3874 esu
3341 3805 3412 3872 et
3449 3799 3942 3897 Apostolorum
3965 3801 4194 3876 effatis

1156 3911 1411 4009 placita
1462 3938 1591 3990 sua
1640 3915 2088 4007 hauriebant,
2136 3942 2365 4017 neque
2409 3918 2800 3994 historicam
2842 3925 2915 3992 et
2954 3916 3510 4016 psychologi'cam
3551 3918 4190 4019 interpretationem

1115 4051 1123 4058 ’
1156 4055 1575 4132 magnopere
1632 4036 2005 4126 curabant3
2074 4038 2265 4138 unde
2322 4038 2604 4112 tandem
2655 4039 2922 4114 factum
2968 4044 3115 4125 est,
3165 4043 3248 4112 ut
3286 4061 3370 4112 ea
3413 4036 3764 4116 interdum
3809 4065 3935 4138 pro
3985 4041 4188 4118 Chri·

1156 4149 1403 4228 stianis
1444 4151 1703 4229 fuerint
1748 4129 2139 4244 divendita,
2189 4181 2369 4255 quae
2419 4157 2682 4232 nullam
2737 4157 2878 4232 sere
2922 4179 3086 4231 cum
3128 4155 3213 4229 iis
3257 4155 3594 4232 haberent
3635 4159 4184 4236 similitudinem.

1154 4269 1277 4346 Ad
1334 4269 1543 4345 istos‘
1563 4273 1879 4372 scopulos
1934 4283 2167 4350 nostra
2227 4300 2508 4373 quoque
2567 4283 2792 4352 aetate
2851 4273 3175 4352 allidetur
3223 4275 3606 4375 theologia,
3663 4278 3802 4352 nisi
3843 4303 4188 4377 quaenam

1159 4387 1253 4464 sit
1296 4390 1391 4466 N.
1438 4391 1763 4468 Foederis
1806 4399 2167 4470 auctorum
2214 4394 2303 4470 de
2342 4395 2547 4470 variis
2591 4394 2944 4494 religionis
2988 4393 3334 4492 capitibus
3367 4397 3748 4485 sententia,
3797 4405 3982 4472 certo
4021 4423 4188 4474 con·

1162 4515 1335 4584 stet.
1408 4511 1473 4585 si
1534 4521 1767 4591 autem
1828 4539 2069 4590 verum
2122 4522 2265 4605 est,
2330 4514 2520 4612 quod
2571 4513 2862 4614 probare
2910 4521 3199 4590 conatus
3243 4537 3440 4602 sum,
3489 4539 3572 4590 eo
3613 4517 3955 4615 perveniri
3993 4518 4191 4594 nullo

1162 4627 1372 4704 modo
1434 4654 1669 4728 posse,
1724 4635 1865 4710 nisi
1912 4659 2055 4734 per.
2086 4635 2672 4711 accuratissimam
2737 4634 3126 4710 Hebraicae
3181 4633 3613 4733 antiquitatis
3677 4637 4186 4773 cognitionem,

1160 4747 1371 4824 huius
1416 4749 1796 4830 studium
1772 4778 1849 4828 m
1892 4755 2281 4855 dogmatico
2328 4779 2608 4854 quoque
2647 4755 3042 4832 Christiano
3091 4777 3366 4830 summo
3407 4754 3556 4830 iure
3597 4755 4035 4854 requirimus.
