4766 6034
1071 640 1156 706 98
2279 639 2356 704 Η.
2428 640 2497 704 Ε.
2564 639 2911 709 VINKE

1174 845 1460 922 Utinam
1505 846 1681 921 hanc
1727 845 1910 920 viam
1957 844 2344 944 ingrediare
2367 905 2387 934 ,
2439 872 2482 920 o
2531 847 2883 922 carissima
2922 846 3095 920 mihi
3139 845 3361 945 patria
3398 846 3745 923 Ecclesia!
3822 847 4111 923 Utinam

1070 991 1312 1042 omnes
1329 1026 1351 1055 ,
1407 967 1531 1066 qui
1583 967 1693 1041 vel
1751 967 1839 1074 ab
1882 965 2288 1040 orthodoxia
2307 1024 2328 1053 ,
2386 967 2493 1040 vel
2539 991 2582 1041 a
2626 967 3031 1042 liberalitate
3082 989 3209 1044 sua
3259 990 3515 1041 nomen
3560 968 3821 1043 habent
3844 1027 3864 1056 ,
3927 994 4109 1066 quae

1065 1109 1224 1162 vera
1291 1087 1382 1161 sit
1456 1088 1619 1162 fidei
1676 1086 1904 1175 notio,
1975 1086 2408 1185 intelligant,
2479 1087 2808 1162 memoria
2856 1093 3180 1176 teneant,
3250 1087 3323 1160 in
3368 1087 3621 1162 animis
3659 1089 4063 1188 imprimant
4087 1147 4109 1176 ,

1064 1207 1205 1282 vita
1260 1231 1387 1282 sua
1452 1207 1791 1306 factisque
1844 1206 2249 1282 ostendant!
2341 1207 2628 1300 Utinam
2680 1231 2921 1281 omnes
2942 1263 2961 1296 ,
3035 1205 3161 1305 qui
3215 1207 3549 1282 Cnms'ro
3596 1232 3849 1283 nomen
3898 1209 4107 1284 dede-

1060 1335 1269 1415 runt,
1315 1353 1438 1426 per
1472 1351 1752 1403 omnem
1785 1336 2124 1402 terrarum
2158 1327 2399 1402 orbem
2420 1387 2441 1416 ,
2486 1329 2559 1402 in
2602 1327 2679 1401 id
2716 1327 3119 1425 praesertim
3160 1325 3612 1414 incumbant,
3660 1336 3741 1401 ut
3776 1329 3864 1402 ad
3892 1353 4106 1426 quae-

1061 1449 1352 1522 stionem
1374 1508 1393 1537 ,
1443 1471 1619 1547 quae
1661 1447 1976 1522 omnium
2015 1448 2422 1547 gravissima
2461 1457 2604 1523 est:
2662 1450 2807 1522 ιιτί
2829 1477 2929 1542 με
2962 1445 3091 1524 δεῖ
3122 1460 3413 1540 ποιεῖν,
3452 1453 3591 1526 ἵνα
3621 1455 3855 1524 σωθῶ
3877 1450 4105 1540 ¹⁵¹):”

1058 1569 1188 1642 rite
1254 1567 1668 1668 respondere
1728 1567 1982 1655 sciant,
2053 1568 2545 1668 religionisque
2586 1569 3020 1644 Christianae
3060 1566 3365 1642 indolem
3406 1569 3734 1644 moralem
3778 1567 4107 1642 continue

1059 1690 1195 1764 sibi
1236 1697 1396 1765 ante
1434 1689 1669 1764 oculos
1688 1695 1951 1788 ponant
1979 1690 2130 1781 ¹⁶²).
2205 1687 2389 1762 Tum
2435 1688 2595 1763 lites
2646 1713 2889 1764 omnes
2940 1696 3011 1764 et
3059 1687 3533 1789 contentiones
3575 1687 3648 1761 in
3685 1687 3836 1761 dies
3880 1687 4104 1786 magis

1059 1817 1516 1897 evanescent,
1565 1808 2037 1907 pristinusque
2075 1808 2150 1881 in
2202 1807 2599 1883 Christiana
2638 1807 2948 1882 Ecclesia
2981 1831 3174 1882 amor
3214 1807 3471 1882 iterum
3516 1806 3796 1906 vigebit.
3862 1806 4105 1881 Altera

1061 1930 1350 2004 societas
1392 1938 1545 2005 tum
1591 1928 1874 2002 alteram
1921 1927 2234 2016 docebit,
2277 1935 2349 2002 et
2390 1928 2482 2002 ad
2514 1928 2655 2002 veri
2697 1927 3298 2026 investigationem
3338 1927 3751 2027 pietatisque
3786 1927 4103 2002 studium

1056 2048 1444 2149 instigabit.
1530 2049 1796 2123 Omnes
1813 2107 1834 2136 ,
1886 2047 2242 2122 veritatem
2285 2055 2629 2123 sectantes
2666 2072 2831 2123 cum
2872 2046 3205 2122 charitate
3223 2105 3241 2136 ,
3306 2045 3779 2124 adolescemus
3798 2047 3889 2121 ab
3910 2047 4108 2122 omni

1056 2177 1254 2269 parte
1274 2227 1294 2257 ‚
1358 2168 1581 2244 iuncti
1638 2191 1795 2242 cum
1851 2193 1968 2256 ec,
2045 2169 2169 2266 qui
2227 2169 2574 2246 Ecclesiae
2634 2175 2846 2267 caput
2908 2175 3017 2241 est
3040 2169 3199 2262 ¹⁴⁵³⁵),
3298 2169 3545 2243 Finem
3616 2191 4104 2266 assequemur,

1056 2314 1266 2389 quem
1306 2289 1456 2388 ipse
1499 2287 1944 2375 monstravit,
1998 2312 2221 2386 quum
2270 2313 2396 2387 pro
2441 2287 2643 2362 nobis
2688 2295 3009 2387 precatus
3054 2297 3197 2376 est,
3242 2294 3325 2361 ut
3365 2312 3607 2363 omnes
3640 2287 3715 2360 in
3756 2311 3877 2375 eo,
3917 2287 4103 2361 eius-

1053 2436 1190 2509 que
1237 2410 1444 2484 Patre
1491 2433 1713 2483 unum
1759 2409 1978 2483 simus
2003 2409 2157 2500 ¹⁶⁴).
2239 2409 2434 2498 De0‚
2480 2407 2605 2506 qui
2653 2407 2959 2482 veritatis
3000 2408 3329 2507 pacisque
3372 2415 3611 2483 auctor
3652 2416 3761 2482 est
3800 2415 3873 2482 et
3908 2407 4101 2496 fonS,

1051 2530 1482 2627 placebimus
1502 2587 1521 2617 ,
1588 2555 1668 2603 ac
1733 2526 2124 2626 probabiles
2194 2527 2370 2602 Eius
2416 2527 2673 2602 erimus
2724 2527 3133 2602 administri.
3227 2529 3557 2628 Regnum
3598 2527 3897 2627 denique
3946 2551 4103 2602 coe·
4186 2562 4207 2570 ·

1052 2649 1224 2723 leste
1271 2649 1344 2722 in
1395 2648 1544 2722 dies
1589 2647 1816 2746 magis
1867 2647 2406 2746 amplificabitur
2426 2706 2446 2736 ,
2508 2649 2925 2747 plenamque
2984 2649 3269 2724 tandem
3337 2648 3426 2724 de
3470 2649 3772 2736 mundo,
3820 2655 4105 2746 peccato

1051 2768 1290 2841 dedito
1311 2824 1331 2856 ,
1398 2767 1752 2842 victoriam
1818 2767 2219 2867 reportabit.
2327 2767 2543 2847 Quod
2587 2775 2669 2843 ut
2712 2769 2836 2842 fiat
2856 2825 2877 2857 ,
2933 2776 3003 2842 te
3042 2769 3252 2844 Pater
3296 2768 3653 2846 coelestis!
3700 2768 3900 2842 enixe
3939 2791 4099 2866 pre-

1048 2909 1306 2962 camur.
1412 2888 1526 2962 Tu
1563 2886 2078 2964 tumultuantes
2121 2886 2503 2963 affectuum
2543 2890 2799 2966 fluctus
2849 2889 3298 2966 moderarere.
3403 2891 3515 2964 Tu
3532 2948 3552 2978 ,
3600 2888 4101 2965 discordiarum

1048 3007 1272 3083 ventis
1335 3032 1414 3085 ac
1477 3007 1792 3109 procellis
1849 3007 2248 3107 compositis
2271 3066 2293 3099 ,
2359 3033 2681 3086 serenum
2734 3010 3023 3086 reducas
3080 3010 3374 3087 coelum.
3476 3011 3587 3086 Tu
3642 3035 3877 3085 veram
3930 3009 4102 3086 fidei

1049 3127 1482 3205 Christianae
1522 3127 1874 3204 notionem
1921 3128 1996 3201 in
2044 3129 2360 3205 omnium
2408 3130 2657 3205 animis
2694 3130 3051 3231 imprimas
3071 3189 3091 3219 ,
3142 3138 3357 3231 atque
3396 3132 3621 3231 ipsam
3662 3131 3839 3206 hanc
3880 3131 4101 3206 fidem

1044 3248 1122 3323 in
1171 3249 1258 3323 iis
1304 3248 1562 3325 excites
1615 3258 1688 3323 et
1738 3250 1880 3324 alas
1900 3294 1938 3338 ,-
1973 3257 2056 3324 ut
2099 3250 2196 3325 Te
2213 3308 2232 3339 ,
2281 3249 2681 3350 Filiumque
2726 3259 2930 3327 tuum
2977 3250 3241 3326 sincero
3287 3276 3527 3327 omnes
3570 3250 3777 3327 corde
3821 3250 4097 3339 colant,

1047 3394 1126 3443 ac
1199 3378 1450 3445 mutuo
1503 3369 1754 3445 amoris
1800 3369 2076 3445 vinculo
2123 3370 2346 3445 iuncti
2365 3430 2385 3458 ,
2457 3372 2587 3447 toti
2634 3372 2707 3447 in
2760 3394 2845 3447 eo
2896 3371 3070 3461 sint,
3128 3380 3209 3445 ut
3255 3395 3551 3471 regnum
3594 3379 3800 3446 tuum
3820 3428 3841 3459 ,
3903 3370 4099 3469 quod

1047 3490 1354 3565 veritatis
1401 3488 1828 3588 pietatisque
1876 3512 2170 3587 regnum
2221 3498 2360 3579 est,
2410 3490 2765 3567 stabiliant
2812 3501 2884 3565 et
2933 3487 3530 3589 amplificent'l‘ffi).

1143 3844 1322 3920 Veni
1391 3848 1483 3921 ad
1551 3847 1840 3921 alteram
1913 3846 2244 3921 orationis
2321 3870 2519 3923 meae
2579 3857 2845 3947 partem
2865 3908 2886 3939 ,
2952 3874 3093 3948 qua
3160 3851 3578 3927 Academiae
3627 3856 3901 3925 nostrae
3942 3850 4091 3924 fata

1045 3990 1358 4041 enarrare
1407 3992 1520 4041 me
1567 3942 1868 4067 oportet.⁸

1137 4085 1592 4161 Academiam
1646 4094 1878 4161 autem
1933 4086 2241 4163 dicentes
2257 4147 2278 4177 ,
2343 4097 2589 4188 sponte
2635 4089 2941 4188 primum
2993 4090 3381 4189 cogitamus
3438 4090 3709 4187 Regem
3764 4096 4083 4163 nostrum

1040 4205 1621 4303 augustissimum
1641 4264 1663 4295 ,
1736 4196 1996 4281 artium
2073 4232 2153 4281 ac
2219 4208 2736 4306 disciplinarum
2788 4209 3161 4297 fautorem,
3232 4218 3389 4283 tum
3434 4219 3854 4297 ceterarum,
3924 4216 4085 4281 tum

1040 4329 1314 4397 nostrae
1389 4323 1874 4399 Universitatis
1935 4331 2262 4401 statorem
2325 4350 2408 4401 ac
2476 4326 2853 4402 vindicem:
2925 4328 3049 4426 qui
3096 4329 3435 4428 populum
3484 4352 3693 4403 suum
3744 4327 4081 4403 afflictum

1037 4442 1457 4519 consolando
1471 4500 1493 4533 ,
1563 4444 1770 4543 eique
1833 4445 2242 4544 opitulando
2303 4448 2699 4545 nuperrime
2744 4447 3003 4546 patriae
3056 4449 3336 4524 Patrem
3388 4471 3461 4523 se
3502 4448 3839 4523 ostendit.
3928 4446 4081 4521 Sal-

1041 4584 1208 4635 vum
1252 4562 1470 4660 igitur
1521 4588 1684 4637 eum
1741 4588 1893 4639 esse
1937 4586 2101 4639 cum
2145 4574 2292 4639 tota
2337 4566 2488 4641 eius
2534 4566 2742 4642 domo
2784 4567 2983 4642 valde
3030 4569 3422 4667 gaudemus
3442 4627 3463 4657 ,
3522 4592 3648 4666 pro
3688 4566 4042 4643 beneficiis
4058 4624 4082 4653 ,

969 4704 972 4707 ⁴
1037 4681 1114 4753 in
1167 4702 1330 4753 eum
1377 4681 1641 4757 collatis
1663 4740 1684 4769 ,
1759 4704 2072 4761 summas
2117 4684 2272 4759 Deo
2329 4686 2591 4782 gratias
2642 4694 2927 4785 agentes
2946 4744 2967 4777 ,
3032 4696 3327 4787 votaque
3370 4688 3635 4763 sincera
3678 4712 3804 4785 pro
3854 4687 4083 4787 salute

1037 4795 1186 4871 eius
1231 4812 1736 4898 nuncupantes.
