4766 6034
987 620 1072 685 28
1889 622 1955 691 F.
2015 621 2094 690 G.
2157 622 2616 692 KRIEGER
2675 619 3079 690 ORATIO.

1082 829 1334 929 Itaque
1379 830 1645 930 pergite
1663 888 1685 918 ,
1736 829 2262 910 commilitones
2309 832 2807 910 Iucundissimi
2824 890 2847 922 ,
2906 829 3149 906 eadem
3166 888 3187 920 ,
3238 853 3453 930 quam
3484 830 3778 934 ingressi
3806 835 3975 912 estis
3992 894 4021 925 ,

987 949 1137 1023 via!
1204 950 1463 1025 Animo
1511 957 1730 1025 estote
1781 949 1982 1026 hilari
2026 959 2240 1053 atque
2295 979 2571 1044 securo,
2619 959 2703 1028 ut
2752 952 3037 1028 iuvenes
3087 952 3305 1030 decet.
3402 955 3765 1032 Fruamini
3810 955 4021 1033 liber-

986 1076 1127 1143 tate
1191 1078 1416 1147 vestra
1435 1131 1456 1160 ‚
1522 1070 1896 1147 delibatote
1948 1074 2091 1148 mel
2140 1075 2345 1151 dulce
2399 1075 2589 1174 quod
2640 1073 2961 1177 iuyentae
3006 1072 3607 1174 splendidissimus
3654 1077 3783 1152 flos
3820 1076 4023 1154 vobis

981 1189 1304 1289 praebet,
1353 1191 1478 1266 sed
1525 1216 1615 1266 ne
1654 1191 2154 1271 obliviscamini
2174 1255 2196 1285 ,
2263 1220 2479 1297 quam
2518 1194 2610 1270 ob
2664 1217 2946 1271 causam
2995 1192 3135 1293 huc
3188 1194 3531 1272 veneritis.
3632 1197 3975 1274 Nitamini
3996 1257 4021 1286 ,

982 1318 1066 1385 ut
1126 1335 1214 1385 ne
1279 1310 1557 1387 fallatur
1617 1336 1774 1410 spes
1797 1371 1818 1402 ,
1891 1338 2104 1412 quam
2164 1339 2292 1390 nos
2361 1322 2436 1390 et
2488 1315 2695 1391 multi
2745 1320 3099 1414 praeterea
3150 1313 3241 1389 de
3300 1314 3497 1391 vobis
3550 1317 4018 1417 concepimus.

983 1431 1327 1507 Laborem
1375 1432 1551 1507 mihi
1592 1433 1849 1509 credite
1895 1435 2245 1524 omnium,
2285 1461 2467 1535 quae
2502 1435 2579 1510 in
2612 1435 2755 1510 vita·
2788 1433 3096 1510 humana
3135 1442 3334 1534 grata
3370 1443 3537 1511 sunt
3576 1444 3651 1512 et
3694 1461 4021 1525 amoena,

981 1552 1502 1629 condimentum
1567 1578 1718 1628 esse
1779 1555 2263 1632 necessarium.
2385 1558 2637 1656 Neque
2692 1554 2977 1630 omnino
3026 1553 3167 1630 vita
3212 1554 3352 1630 frui
3397 1562 3668 1656 potest,
3717 1555 3841 1657 qui
3892 1555 4017 1630 de·
4121 1563 4130 1568 '

986 1674 1201 1750 sidiae
1248 1673 1674 1773 inertiaeque
1721 1681 1828 1752 est
1876 1675 2196 1766 deditus,
2250 1700 2479 1776 neque
2538 1675 2759 1753 maior
2816 1673 3103 1749 omnino
3160 1674 3451 1776 cogitari
3499 1682 3731 1777 potest
3772 1662 4019 1776 {clup-

980 1801 1129 1884 tas,
1197 1818 1411 1893 quam
1476 1800 1583 1868 est
1647 1793 1840 1884 eius,
1905 1796 2070 1896 qui,
2138 1795 2378 1872 officiis
2443 1796 2589 1872 suis
2656 1794 2974 1896 religiose
3034 1793 3358 1885 functus,
3417 1795 3663 1872 merito
3722 1795 4019 1883 fruitur,

901 1986 914 2000 ,
979 1940 1060 1990 ac
1102 1922 1260 1989 tum
1307 1915 1632 2004 demum,
1681 1923 1881 2016 grato
1926 1916 2088 1990 otio.

1078 2033 1543 2109 Memineritis
1612 2034 1874 2133 patriae
1939 2035 2233 2111 salutem
2292 2037 2368 2111 in
2436 2043 2794 2136 posterum
2858 2061 2903 2111 a
2968 2035 3165 2111 vobis
3238 2034 3579 2136 pendere,
3648 1973 3741 2112 ad
3801 2058 4021 2135 quam

977 2153 1316 2229 tuendam
1381 2163 1452 2228 et
1517 2153 1910 2255 augendam
1972 2155 2047 2229 in
2097 2155 2227 2230 hac
2271 2155 2651 2231 Academia
2695 2156 3202 2256 praeparamini
3246 2164 3319 2231 et
3368 2155 3506 2256 ipsi
3555 2179 3677 2231 vos
3728 2179 4019 2255 praepa-

978 2275 1165 2352 ratis.
1266 2277 1518 2374 Itaque
1574 2274 1899 2350 nitamini
1941 2274 2176 2351 animo
2227 2283 2509 2352 strenuo
2554 2284 2625 2350 et
2667 2275 2865 2364 forti3
2914 2299 3005 2350 ne
3048 2276 3149 2352 rei
3198 2274 3567 2352 difficultas
3606 2274 3698 2350 ab
3740 2274 4019 2374 incepto

975 2421 1096 2472 vos
1145 2397 1502 2473 deterreat.

1075 2516 1548 2617 Pugnandum
1601 2517 1798 2592 vobis
1845 2525 1991 2606 est,
2043 2517 2167 2592 sed
2217 2523 2378 2618 post
2426 2540 2739 2617 pugnam
2783 2516 3246 2616 pulcherrima
3290 2539 3413 2591 vos
3454 2521 3691 2590 manet
3736 2511 4025 2588 victoria

982 2643 1055 2710 et
1101 2635 1534 2712 nobilissima
1581 2637 1840 2736 palma.
1939 2637 2337 2713 Incumbite
2385 2635 2605 2736 igitur
2658 2637 2733 2711 in
2801 2635 3243 2737 disciplinas,
3310 2634 3620 2711 excellite
3666 2634 4021 2722 doctrina,

977 2757 1273 2846 virtute,
1335 2755 1540 2833 bonis
1611 2757 1962 2847 moribus,
2025 2764 2108 2864 ut
2160 2767 2233 2833 et
2285 2765 2643 2848 votorum,
2690 2780 2870 2855 quae
2910 2755 3321 2858 concepistis
3365 2754 3541 2855 ipsi,
3588 2755 3773 2830 fiatis
3828 2777 4019 2829 oom-

981 2884 1222 2975 potes,
1275 2885 1346 2952 et
1391 2877 1655 2976 patriae
1701 2855 2138 2978 prospiciatis
2177 2877 2481 2953 libertati
2528 2885 2601 2952 et
2649 2876 2875 2953 saluti.

1082 2995 1340 3073 Nihil
1317 3022 1458 3073 ram
1499 3006 1856 3100 superest,
1892 2998 2029 3075 nisi
2060 3006 2143 3075 ut
2178 3022 2476 3090 munus,
2515 3024 2656 3099 quo
2674 2998 2867 3099 regia
2900 2996 3307 3075 auctoritate
3350 2995 3481 3073 hoc
3515 3017 3699 3072 anno
3733 2993 4023 3071 functus

979 3144 1136 3195 sum
1156 3177 1177 3208 ,
1248 3120 1588 3196 maiorum
1659 3145 1854 3196 more
1923 3121 2288 3220 deponam.
2404 3121 2657 3220 Itaque
2719 3118 2852 3194 tibi
2874 3178 2895 3207 ,
2953 3118 3099 3195 Vir.
3134 3117 3541 3193 'Clarissime
3579 3117 4023 3227 Vrssnatno,

977 3238 1175 3314 trado
1235 3239 1653 3315 Academiae
1723 3240 1963 3318 fasces.
2065 3241 2267 3316 Salve
2331 3240 2711 3339 Magnifice
2769 3240 3063 3316 Rectorl
3138 3262 3350 3337 quem
3392 3236 3663 3339 primus
3702 3260 3833 3336 ego
3883 3235 4025 3311 hoc

975 3359 1256 3435 nomine
1304 3360 1657 3459 compello,
1760 3361 2034 3437 Floreat
2081 3366 2154 3437 te
2204 3360 2385 3436 duce
2432 3360 2616 3438 alma
2664 3358 2911 3437 haecce
2958 3360 3331 3435 Musarum
3380 3356 3597 3435 sedes.
