4766 6034
1100 594 1247 690 200'
1674 730 1681 735 Ι
2195 633 2244 698 1.
2316 633 2392 721 A„
2463 634 2528 701 c,
2601 632 3036 706 novans

1094 833 1302 935 malis
1351 835 1801 924 describeret,
1859 840 2203 936 praesenti
2252 867 2483 917 rerum
2529 847 2920 935 conditione
2968 847 3377 945 antiquiora.
3479 849 3642 921 Non
3695 849 3895 923 aliter
3941 876 4130 925 com-

1095 961 1413 1051 paratum
1484 978 1633 1028 esse
1706 957 2037 1033 statuitur
2098 959 2173 1033 in
2239 960 2571 1039 Historia.
2697 966 2853 1040 Huc
2924 967 3112 1041 enim
3185 968 3402 1056 redit,
3485 993 3697 1067 quam
3773 971 4096 1047 volumus
4115 1028 4138 1057 ,

1076 1074 1503 1170 disputatio:
1558 1075 2029 1175 perspicienda
2082 1085 2187 1152 est
2230 1080 2658 1179 singularum
2697 1084 3046 1159 Historiae
3076 1086 3378 1184 partium
3425 1086 3828 1161 constitutio
3873 1096 3945 1163 et
3995 1089 4138 1164 col-

1092 1193 1367 1292 ligati0;
1417 1203 1572 1270 tum
1611 1219 1720 1269 res
1753 1197 2158 1295 praeteritae
2197 1208 2432 1275 nostra
2469 1211 2640 1277 sunt
2675 1204 2971 1292 fossilis,
3021 1206 3348 1303 reliquiae
3387 1206 3544 1281 illae
3589 1215 3755 1281 sunt
3804 1210 4136 1306 temporis

1091 1316 1350 1401 exacti,
1422 1341 1507 1389 ex
1569 1316 1829 1415 quibus
1884 1341 2024 1391 non
2070 1319 2378 1418 singulas
2429 1347 2537 1397 res
2577 1324 2848 1399 futuras
2898 1326 3414 1425 praesagiamus
3435 1384 3456 1415 ,
3507 1326 3630 1401 sed
3672 1326 3888 1403 vitam
3939 1352 4133 1427 prae-

1086 1434 1384 1509 sciamus
1430 1446 1502 1511 et
1542 1461 1827 1513 cursum
1878 1439 2362 1527 humanitatis;
2414 1442 2489 1516 in
2529 1443 2657 1518 hac
2705 1445 2892 1519 enim
2929 1446 3335 1543 gravissima
3373 1471 3582 1520 causa
3627 1470 3772 1520 non
3819 1455 4134 1523 veterum

1088 1556 1307 1629 instar
1348 1579 1559 1630 sensu
1608 1556 1966 1646 ducimur,
2016 1582 2156 1655 quo
2211 1558 2610 1634 divinantur
2653 1562 2964 1659 singula:
3017 1573 3256 1637 vatum
3304 1563 3434 1637 hoc
3476 1564 3834 1663 proprium
3886 1565 4022 1639 fuit
4065 1574 4136 1639 et

1089 1674 1267 1748 hanc
1330 1676 1550 1749 Paulo
1611 1677 1948 1776 Apostolo
2009 1702 2245 1752 vocem
2311 1681 2646 1777 expressit
2664 1740 2683 1769 ‚
2748 1682 3203 1757 vaticinamur
3250 1710 3336 1758 ea:
3373 1692 3590 1781 parte
3611 1718 3642 1769 ,-
3693 1683 3819 1759 sed
3861 1708 3948 1758 ex
3997 1708 4136 1783 quo

1084 1794 1327 1893 religio
1372 1795 1763 1872 Christiana
1804 1797 2145 1885 innotuit,
2199 1799 2502 1872 veritatis
2545 1800 2664 1876 illa
2713 1801 2786 1875 in
2837 1802 3102 1876 mundo
3138 1811 3376 1877 auctor
3393 1860 3414 1889 ‚
3465 1796 3740 1877 vatibus
3779 1804 3887 1878 uti
3930 1803 4131 1877 desii-

1086 1940 1247 1988 mus
1269 1974 1288 2001 ,
1354 1916 1635 2014 ingenia
1699 1925 1971 2016 praesto
2033 1927 2198 1991 sunt
2253 1920 2621 2017 cogitando
2672 1922 2874 2008 nixa3
2945 1922 3086 1997 iam
3139 1922 3414 1996 sublata
3469 1934 3634 1996 sunt
3693 1922 4133 2022 imperfecta,

1086 2060 1315 2133 neque
1380 2036 1677 2135 amplius
1742 2040 2037 2111 videmus
2094 2040 2434 2114 obscurius
2495 2051 2832 2141 tamquam
2865 2068 3030 2139 per·
3053 2045 3384 2140 speculum
3409 2101 3428 2131 ‚
3479 2046 3607 2117 sed
3640 2046 3744 2118 ita
3786 2051 3867 2117 ut
3912 2070 3988 2119 os
4033 2048 4136 2117 ori

1084 2159 1182 2229 sit
1229 2157 1586 2230 obversum.
1686 2159 2105 2255 Aperiantur
2146 2162 2317 2234 adeo
2358 2163 2680 2237 Danielis
2723 2164 2886 2236 libri
2901 2221 2920 2250 ,
2971 2166 3090 2262 qui
3129 2164 3229 2235 ad
3254 2170 3514 2261 tempus
3541 2172 3784 2237 auctae
3811 2167 4138 2238 scientiae

1086 2278 1419 2375 obsiqnati
1472 2262 1737 2370 forent.
1812 2321 1913 2337 —
1984 2280 2186 2356 Quae
2252 2287 2478 2355 vestra
2497 2339 2516 2368 ,
2585 2281 2674 2355 A.
2703 2282 2792 2355 A.
2813 2340 2833 2368 ‚
2905 2282 2994 2355 de
3053 2282 3162 2355 his
3231 2282 3574 2356 sententia
3627 2282 3757 2368 sit,
3807 2281 4133 2379 equidem

1083 2394 1333 2471 nescio,
1434 2397 1557 2469 Me
1620 2421 1779 2472 vero
1839 2407 1911 2472 et
1967 2398 2101 2472 alia
2156 2399 2392 2473 mirari
2456 2402 2646 2474 subit
2700 2410 2772 2476 et
2821 2402 2998 2476 hanc
3056 2401 3418 2501 utriusque
3466 2401 3807 2475 fossilium
3859 2401 4132 2499 generis

1082 2517 1608 2591 similitudinem
1630 2576 1650 2605 ‚
1720 2516 1979 2616 quippe
2054 2517 2177 2617 qui
2236 2520 2538 2618 corporis
2597 2521 2901 2618 partium
2951 2521 3024 2596 in
3077 2522 3292 2595 altero
3346 2546 3598 2621 genere
3651 2522 4128 2595 necessitatem

1081 2636 1168 2710 ab
1240 2637 1678 2734 ingeniorum
1737 2638 1810 2711 in
1874 2637 2089 2712 altero
2144 2638 2462 2713 libertate
2483 2698 2502 2727 ,
2566 2640 2910 2740 quidquid
2963 2650 3202 2715 contra
3264 2641 3699 2740 disputatur,
3750 2640 4128 2739 plurimum

1082 2755 1355 2829 differre
1424 2764 1747 2833 statuam.
1848 2757 2111 2832 Verum
2175 2758 2460 2846 dubito,
2526 2759 2615 2833 A.
2640 2761 2728 2834 A.
2753 2818 2772 2848 ‚
2835 2785 3008 2835 num
3067 2785 3178 2835 me
3201 2819 3219 2848 ‚
3283 2761 3398 2834 cui
3444 2761 3560 2834 vix
3605 2760 3785 2835 illud
3824 2761 4127 2858 pbiloso-

1061 2878 1281 2973 phari
1327 2880 1579 2974 paucis
1634 2877 1959 2977 contigit,
2026 2877 2274 2951 horum
2340 2877 2732 2953 studiorum
2785 2880 3090 2955 iudicem
3138 2878 3395 2953 feratis,
3502 2881 3754 2977 Itaque
3811 2880 4086 2978 gaudeo
4105 2938 4125 2967 ‚

1079 2996 1193 3072 hic
1238 3022 1377 3072 non
1426 2997 1513 3073 de
1554 2998 2049 3098 Historiologia
2099 2998 2249 3098 agi,
2300 2998 2424 3071 sed
2456 2998 2635 3074 hanc
2673 2999 3052 3076 doctrinam
3095 2999 3424 3098 appellari
3472 3000 4126 3098 Historioscpbiam:

1078 3120 1670 3216 quemadmodum
1715 3145 1757 3195 a
1802 3119 2197 3218 Pythagora
2245 3119 2336 3193 ad
2385 3119 2756 3217 Hegelium
2817 3120 3320 3221 philosophiam
3366 3119 3618 3208 fuisse,
3671 3120 3849 3194 hanc
3893 3129 4128 3194 autem

1076 3239 1149 3310 in
1204 3240 1357 3338 ipso
1408 3263 1621 3338 prope
1675 3239 1767 3312 ad
1825 3240 2301 3314 maturitatem
2367 3244 2658 3336 σοφίας
2705 3241 3070 3315 accessisse
3119 3263 3520 3328 monemur,
3569 3239 3668 3314 ita
3713 3241 3896 3314 viam
3953 3239 4124 3314 acci·

1073 3358 1307 3456 pimus
1364 3381 1513 3430 esse
1578 3356 1923 3431 munitam
1943 3414 1961 3443 ‚
2028 3381 2169 3454 qua
2232 3356 2680 3456 Philosophia
2725 3357 3076 3432 Historiae
3123 3383 3322 3433 suam
3367 3365 3834 3456 consequatur
3877 3357 4120 3431 Histo-

1074 3475 1459 3574 riosophiae
1526 3475 1995 3549 maturitatem
2068 3479 2153 3566 ¹).
2254 3478 2523 3550 lterum
2585 3477 2859 3576 gaudeo
2918 3485 2990 3551 et
3065 3477 3584 3576 disciplinarum
3643 3478 4120 3552 historicarum

1076 3596 1355 3692 reginae
1408 3594 1496 3668 de
1547 3618 1757 3695 opera
1794 3595 2139 3696 gratulor,
2190 3619 2402 3694 quam
2447 3605 2636 3671 aetas
2689 3602 2924 3672 nostra
2966 3597 3040 3670 in
3089 3597 3301 3672 rebus
3342 3593 3561 3696 gestis
3609 3597 4124 3672 accuratissime

1080 3714 1571 3812 cognoscendis
1630 3715 1849 3813 ponit.
1948 3715 2145 3793 Quid
2198 3715 2385 3788 enim
2431 3717 2554 3790 fiat
2601 3716 2954 3791 fossilibus
2995 3717 3135 3792 illis
3156 3774 3177 3805 ,
3227 3716 3360 3791 nisi
3402 3742 3486 3792 ea
3535 3717 3796 3792 nullius
3841 3717 4128 3791 artificis

1082 3859 1297 3908 manu
1353 3844 1476 3908 aut
1522 3835 1831 3910 confecta
1876 3859 2026 3909 esse
2072 3843 2195 3910 aut
2239 3845 2567 3910 exornata
2611 3839 2932 3911 constat?

1179 3953 1399 4028 Aliud
1464 3962 1571 4028 est
1639 3953 1713 4028 in
1765 3954 2037 4054 generis
2093 3953 2381 4027 humani
2437 3953 2719 4030 historia
2766 3965 3074 4030 mentem
3125 3956 3316 4032 illam
3367 3955 3594 4053 loqui,
3645 3957 3839 4032 aliud
3890 3958 4128 4030 Deum

1072 4076 1314 4174 loqui,
1384 4099 1589 4173 quem
1650 4074 1979 4174 explicuit
2049 4076 2092 4150 ὁ
2152 4081 2595 4174 μονογενής.
2695 4075 2876 4165 Eos,
2945 4076 3068 4174 qui
3127 4075 3256 4150 toti
3312 4075 3386 4147 in
3431 4074 3560 4150 hoc
3605 4086 3812 4164 sunt,
3865 4077 3924 4150 si
3971 4076 4128 4150 dico

1079 4196 1429 4295 religionis
1494 4195 1927 4270 Christianae
1984 4194 2122 4272 vim
2190 4194 2263 4268 in
2332 4195 2746 4294 populorum
2823 4195 3212 4270 conditione
3291 4193 3656 4304 diligenter
3727 4196 4082 4295 explorare
4101 4253 4126 4284 ‚

1166 4417 1217 4491 ¹)
1280 4420 1666 4493 Proleyomena
1697 4438 1797 4477 zur
1832 4416 2288 4496 Histoi-iosoplaic
2312 4437 2423 4477 von
2455 4415 2674 4494 August
2700 4437 2805 4477 von
2825 4415 3192 4478 Cieszkowski
3211 4461 3226 4488 ,
3274 4414 3449 4474 1838.
3529 4413 3680 4488 Quae
3699 4416 4092 4490 Proleyomena
4107 4459 4128 4484 ,

1081 4533 1117 4572 a
1168 4511 1468 4572 Micheleto
1524 4513 1794 4592 exquisita
1845 4519 1960 4574 tam
2007 4512 2182 4572 laudis
2232 4531 2396 4590 quam
2450 4511 2803 4573 dissensionis
2841 4512 3246 4590 significatione
3283 4514 3479 4570 ornata
3517 4509 3575 4568 in
3615 4511 3813 4570 Jahrb.
3847 4513 3956 4585 fiir
3997 4509 4126 4568 wis-

1076 4609 1501 4682 sensckqftlicke
1551 4610 1780 4680 Kricik‚
1830 4611 1980 4669 Nov.
2042 4609 2192 4669 1838
2213 4653 2228 4680 ‚
2282 4628 2337 4688 p.
2388 4611 2496 4670 785
2543 4625 2696 4688 sqq„
2739 4608 2856 4688 ipse
2898 4609 3131 4690 scriptor
3171 4605 3513 4668 acutissimus
3553 4611 3742 4684 postea
3775 4603 3856 4663 sic
3897 4601 4122 4672 citavit,

1079 4707 1143 4760 ut
1184 4719 1335 4780 spem
1374 4702 1654 4782 amplioris
1691 4704 1761 4765 de
1800 4705 1909 4766 hoc
1948 4710 2273 4782 argumento
2314 4703 2497 4782 operis
2535 4712 2777 4780 augeret.
2861 4704 2989 4766 Vid.
3029 4703 3145 4766 eius
3184 4703 3324 4763 liber
3368 4702 3506 4760 Gon
3547 4701 3658 4761 und
3695 4698 4116 4774 Ραίἰηρεηεσίε.

1088 4800 1295 4868 crater,
1334 4796 1633 4860 kritischer
1670 4800 1861 4873 Theil,
1912 4801 2096 4872 1842,
2136 4821 2189 4880 p.
2236 4799 2331 4859 14.
