4766 6034
1878 617 2435 709 ORATIO.
3550 642 3675 710 ιω

645 853 992 952 oppositas
1035 848 1184 951 sibi!
1211 847 1390 923 acies
1434 846 1800 922 discedunt
1846 848 2108 923 Christi
2143 856 2531 925 sectatores,
2633 846 2817 936 Alii,
2866 871 3041 945 quos
3079 847 3269 923 haud
3304 848 3403 924 ita
3435 850 3674 949 procul

643 997 684 1045 a
748 971 1066 1045 Romano
1137 966 1510 1042 Catholicis
1551 965 1830 1058 ‚distare
1899 967 2096 1044 facile
2159 993 2492 1068 agnoscas
2513 1027 2533 1058 ‚
2600 969 2672 1043 in
2721 967 2807 1042 iis
2826 1027 2845 1055 ,
2914 993 3093 1066 quae
3146 967 3285 1068 ipsi
3334 995 3373 1044 e
3441 970 3673 1068 pueris

644 1091 868 1165 edocti
935 1098 1101 1164 sunt
1122 1148 1141 1176 ,
1209 1087 1786 1186 acquiescendum
1843 1088 2153 1188 adeoque
2203 1090 2628 1168 credendum
2676 1113 2824 1163 esse
2873 1087 3160 1177 iubent,
3220 1089 3410 1188 quod
3454 1089 3675 1166 credit

641 1211 946 1286 Ecclesia
970 1270 989 1298 ,
1039 1233 1419 1308 omnesque
1465 1209 1948 1284 dissentientes
1995 1209 2404 1284 coercendos
2452 1209 2560 1284 vel
2608 1209 3048 1309 expellendos
3092 1233 3241 1284 esse
3279 1216 3667 1287 autumant.

641 1331 784 1405 Alii
804 1390 824 1419 ‚
875 1331 1033 1406 licet
1085 1331 1174 1405 ab
1221 1331 1414 1404 omni
1460 1329 1530 1403 vi
1580 1329 2150 1404 dissentientibus
2201 1329 2559 1405 inferenda
2605 1328 3058 1418 abhorreant,
3107 1337 3420 1405 auctores
3466 1329 3667 1406 nobis

641 1461 806 1526 sunt
825 1511 842 1538 ,
911 1458 992 1524 ut
1049 1451 1158 1524 his
1216 1450 1518 1525 maxime
1585 1451 1834 1526 diebus
1904 1475 2030 1526 nos
2091 1451 2184 1526 ad
2244 1451 2467 1525 avitae
2532 1448 2999 1525 Confessionis
3053 1451 3444 1526 Palladium
3500 1452 3669 1526 reci-

639 1572 910 1671 piamus
932 1629 953 1659 ‚
1026 1595 1116 1644 ne
1183 1578 1407 1644 sectae
1478 1577 1851 1646 nascantur
1913 1596 1954 1644 e
2017 1561 2220 1646 sectis
2287 1577 2360 1645 et
2414 1558 2644 1645 tot‘um
2704 1595 2955 1670 corpus
3004 1572 3270 1647 Christi
3296 1573 3547 1647 ‘multa
3594 1573 3667 1646 in

640 1691 926 1766 disiecta
988 1691 1303 1766 membra
1375 1690 1602 1764 nervis
1647 1700 1718 1765 et
1767 1691 1990 1790 capite
2032 1690 2368 1766 destituta
2417 1690 2781 1766 divellatur
2836 1689 2913 1765 et‘
2957 1691 3384 1767 dilaceretur.
3484 1693 3672 1781 Alii,

627 1819 958 1894 ,verentes
1005 1835 1095 1885 ne
1143 1809 1424 1885 libertas
1479 1811 1873 1886 Christiana
1920 1812 2091 1911 quid
2147 1811 2546 1886 detrimenti
2588 1813 2853 1911 capiat,
2902 1812 3285 1888 cavendum
3334 1837 3483 1889 esse
3525 1838 3673 1888 mo-

639 1939 809 2004 nent
879 1956 970 2006 ne
1029 1931 1274 2030 iugum
1293 1990 1312 2018 ,
1373 1931 1564 2029 quod
1611 1931 1952 2006 maiorum
1999 1930 2270 2030 humeri
2326 1931 2503 2006 ferre
2570 1933 3035 2007 recusaverint
3048 1994 3078 2029 ,Ι
3132 1933 3361 2008 denuo
3422 1936 3675 2008 nostris

637 2051 946 2125 humeris
1009 2051 1440 2149 imponatur,
1509 2075 1737 2149 neque
1803 2049 2055 2124 divinis
2113 2050 2421 2126 humana
2470 2051 3027 2150 aequiparentur.
3146 2052 3291 2127 Alii
3342 2052 3675 2153 disruptis

637 2172 746 2245 his
816 2170 1107 2246 vinculis
1177 2171 1410 2246 omnia
1471 2170 1746 2246 misceri
1803 2178 1874 2244 et
1928 2170 2192 2245 turbari
2251 2177 2659 2268 queruntur.
2782 2171 2925 2246 Alii
2996 2172 3295 2271 denique
3370 2173 3675 2249 veritatis

637 2316 856 2389 aeque
924 2317 1004 2365 ac
1070 2291 1257 2390 pacis
1316 2290 1774 2366 amantissimi
1814 2291 1997 2366 intra
2035 2299 2246 2390 atque
2295 2299 2489 2365 extra
2540 2290 2788 2365 Iliacos
2836 2315 3073 2366 muros
3120 2298 3481 2390 peccatum
3528 2317 3677 2366 esse

643 2411 834 2486 haud
887 2405 1180 2510 negant,
1231 2412 1357 2486 sed
1401 2411 1725 2486 scientiae
1769 2411 2032 2486 abusus
2082 2410 2407 2486 scientiae
2451 2435 2591 2485 usu
2644 2435 2795 2485 esse
2840 2410 3179 2487 tollendos
3230 2411 3671 2499 existimant3

638 2557 680 2606 a
728 2531 944 2607 libera
983 2533 1365 2631 eademque
1399 2531 1516 2631 pia
1555 2539 1628 2605 et
1671 2531 1873 2607 docta
1915 2531 2219 2607 veritatis
2263 2530 2711 2629 inquisitione
2747 2554 3109 2629 nunquam
3152 2531 3675 2608 intermittenda

637 2651 744 2726 vel
809 2652 1044 2751 potius
1114 2678 1156 2726 a
1201 2653 1354 2726 Deo
1395 2653 1549 2752 ipso
1569 2711 1589 2739 ‚
1641 2676 1914 2726 summo
1967 2651 2271 2726 veritatis
2317 2661 2595 2726 auctore
2654 2651 3037 2750 eodemque
3100 2651 3357 2726 Tutore
3380 2710 3400 2740 ,
3452 2653 3678 2726 solum

635 2769 811 2845 illud
873 2770 1261 2844 remedium
1325 2771 1494 2844 mali
1549 2794 1698 2844 esse
1756 2770 2170 2871 sperandum
2219 2778 2431 2869 atque
2483 2770 2997 2868 implorandum
3038 2771 3480 2848 arbitrantur.
3582 2774 3678 2847 Et

635 2915 750 2964 me
817 2889 1118 2964 maxime
1193 2889 1282 2964 ab
1350 2889 1601 2964 horum
1667 2889 1984 2990 partibus
2043 2897 2224 2966 stare
2289 2875 2370 2966 eo
2436 2889 2791 2965 lubentius
2848 2890 3067 2966 fateor
3085 2950 3106 2979 ‚
3177 2917 3315 2990 quo
3374 2893 3679 2992 apertius

637 3010 952 3085 Historia
1035 3034 1163 3085 nos
1245 3010 1446 3085 docet
1466 3069 1488 3100 ,
1569 3035 1812 3086 omnes
1889 3010 2252 3088 hominum
2337 3017 2627 3087 conatus
2694 3011 2784 3086 ad
2848 3007 3189 3087 sedandos
3268 3011 3535 3089 animos
3608 3021 3680 3087 et

635 3130 1140 3207 restituendam
1190 3154 1431 3229 pacem
1507 3172 1604 3190 -
1663 3132 1950 3207 concilia
1967 3191 1987 3221 ,
2042 3132 2354 3231 symbola
2377 3190 2399 3222 ‚
2449 3131 2791 3231 colloquia
2811 3190 2831 3220 ,
2880 3132 3198 3208 henotica
3238 3175 3340 3192 —
3390 3134 3499 3208 vel
3546 3134 3678 3208 mi-

637 3254 828 3328 nime
899 3252 1248 3328 suffecisse
1320 3251 1429 3327 vel
1487 3251 1720 3327 fausto
1767 3278 1847 3327 ac
1902 3276 2228 3353 prospero
2277 3252 2576 3327 caruisse
2629 3259 2903 3327 eventu.
3001 3254 3357 3352 Quotquot
3400 3260 3637 3329 autem
3656 3312 3678 3343 ,

569 3405 590 3439 ι
639 3374 772 3447 etsi
813 3372 1145 3448 laudabili
1189 3372 1386 3448 ducti
1429 3372 1712 3447 consilio
1757 3372 2045 3447 tollendi
2094 3373 2648 3448 Christianorum
2696 3372 2983 3475 dissidia
3003 3432 3023 3461 ,
3074 3400 3117 3447 a
3160 3373 3417 3449 talibus
3460 3398 3677 3448 reme-

647 3494 780 3567 diis
851 3494 1131 3568 unicam
1191 3493 1540 3568 Ecclesiae
1595 3501 1874 3592 sperant
1921 3502 2132 3591 atque
2181 3502 2585 3593 exspectant
2636 3494 2929 3568 salutem
2955 3553 2976 3582 ,
3025 3493 3403 3569 admodum
3448 3518 3681 3569 vereor

643 3636 733 3685 ne
800 3610 992 3685 idem
1034 3611 1212 3685 illud
1257 3611 1697 3710 experiantur
1719 3672 1740 3701 ,
1800 3614 1989 3711 quod
2041 3612 2356 3688 histrioni
2409 3614 2761 3713 quondam
2808 3615 2881 3689 in
2937 3610 3199 3689 ludicro
3250 3615 3639 3714 spectaculo
3659 3672 3680 3703 ,

646 3756 878 3807 coram
943 3732 1250 3806 Caaom
1296 3732 1363 3803 V
1425 3732 1712 3833 eiusque
1771 3732 2012 3807 aulicis
2062 3732 2301 3807 habito
2321 3791 2342 3821 ‚
2392 3732 2721 3807 accidisse
2766 3731 3085 3833 legimus.
3188 3732 3330 3807 Hic
3390 3732 3646 3808 scilicet
3660 3792 3681 3821 ,

645 3854 718 3925 in
765 3876 969 3927 scena
1005 3852 1330 3951 prodiens
1373 3858 1445 3926 et
1482 3853 1758 3927 Laoms
1788 3852 1862 3927 X
1908 3876 2272 3951 personam
2313 3877 2529 3952 agens
2566 3852 2679 3927 vix
2720 3852 2893 3927 vidit
2928 3853 3163 3952 ignem
3184 3912 3205 3941 ,
3252 3878 3297 3928 a
3322 3853 3680 3927 Lurmmo

642 3974 1003 4047 incensum
1027 4031 1047 4061 ,
1119 3973 1288 4071 quin
1349 3972 1486 4048 huc
1533 3974 1697 4050 illuc
1751 3973 1986 4049 oculos
2039 3981 2306 4049 vertens
2330 4033 2350 4062 ,
2402 3973 2589 4046 unde
2645 3997 2902 4071 aquam
2948 3973 3261 4062 hauriat,
3311 3974 3403 4047 ad
3448 3973 3680 4048 incen-

645 4095 844 4169 dium
889 4094 1445 4193 extinguendum
1500 4092 1790 4192 quaerit.
1890 4094 2066 4168 Mox
2114 4094 2295 4168 duae
2341 4116 2557 4167 urnae
2576 4151 2597 4181 ,
2649 4116 2945 4190 quarum
2988 4093 3202 4167 altera
3244 4117 3427 4191 aqua
3469 4093 3685 4168 altera

647 4217 796 4290 oleo
859 4220 1006 4289 erat
1069 4214 1330 4313 repleta
1353 4271 1374 4302 ,
1442 4237 1604 4287 eum
1664 4215 2074 4300 advertunt3
2147 4221 2220 4287 et
2287 4212 2523 4287 statim
2587 4212 2947 4311 prosiliens
3008 4211 3134 4287 has
3204 4211 3480 4311 arripit,
3559 4213 3684 4286 sed

541 4329 547 4335 ’
646 4335 876 4409 bonus
935 4334 1049 4409 ille
1114 4342 1185 4408 et
1247 4334 1458 4409 miser
1523 4358 1664 4409 non
1727 4357 1983 4434 aquam
2034 4333 2159 4409 sed
2203 4333 2434 4407 oleum
2478 4332 2629 4432 igni
2666 4332 3017 4421 infundit,
3066 4340 3140 4405 et
3184 4332 3325 4408 iam
3368 4332 3685 4408 flamma-

647 4479 806 4529 rum
854 4456 1370 4554 assurgentium
1416 4455 1752 4555 adspectu
1798 4454 2202 4554 perterritus
2223 4511 2243 4541 ,
2294 4476 2621 4552 praeceps
2668 4477 2707 4527 e
2760 4476 2963 4526 scena
3012 4476 3087 4526 se
3140 4451 3420 4550 corripit
3469 4461 3681 4551 atque

647 4575 942 4675 aufugit.

749 4696 862 4769 Ne
927 4702 1160 4771 tamen
1225 4696 1392 4773 haec
1457 4721 1614 4772 mea
1680 4695 1864 4770 dicta
1923 4695 2024 4771 ita
2087 4694 2673 4795 interpretemini,
2743 4716 2999 4791 quaeso
3046 4692 3134 4766 A.
3181 4691 3282 4765 Al
3348 4690 3549 4790 quasi
3596 4715 3683 4765 ex

654 4837 813 4889 mea
881 4816 1222 4892 sententia
1287 4816 1358 4891 in
1426 4816 1769 4917 praesenti
1823 4834 2053 4890 rerum
2122 4814 2515 4891 conditione
2576 4815 2679 4889 nil
2735 4812 2904 4888 boni
2946 4811 3054 4887 vel
3100 4810 3265 4886 laeti
3312 4818 3493 4885 esset
3534 4810 3681 4886 lau·
3729 4824 3735 4837 ·
