4766 6034
1243 615 1373 682 200
1965 611 2478 678 PROGRAMMA
2525 613 3012 680 CERTAMINIS
3057 557 3548 681 erTERARu.

1336 947 1728 1020 Enarretur
1788 942 2093 1017 muneris
2157 941 2498 1020 iudicialis
2569 947 2760 1043 apud
2817 943 3178 1020 Hebraeos
3233 946 3524 1020 historia
3578 971 3719 1045 per
3788 974 3874 1021 ea
3934 954 4188 1046 tempora
4201 1007 4218 1036 ,

1234 1091 1509 1166 quorum
1550 1067 1624 1139 in
1690 1066 1771 1139 V.
1816 1065 1899 1138 F.
1950 1071 2259 1162 superest
2296 1067 2618 1141 memoria
2636 1099 2666 1152 ,·
2731 1091 2861 1167 quo
2906 1073 3165 1163 pateat
3217 1067 3399 1140 illud
3441 1091 3676 1141 munus
3729 1093 3776 1140 a
3828 1068 4214 1168 quibusnam,

1234 1213 1365 1289 quo
1424 1189 1576 1261 iure
1630 1194 1702 1260 et
1749 1210 1885 1286 qua
1914 1190 2262 1283 potestate
2311 1186 2596 1285 cinqulie
2660 1187 3000 1262 aetatibus
3028 1192 3292 1285 ⁸qestmn
3323 1188 3563 1281 fuerit
3579 1245 3600 1276 ,
3664 1195 3991 1262 accurata
4037 1195 4220 1261 testae

1236 1306 1573 1382 Hebraici
1588 1364 1607 1394 ‚
1648 1313 1967 1406 quantum
2006 1307 2108 1379 ad
2137 1306 2247 1380 rei
2278 1306 2796 1405 intelliqentiam
2821 1330 2986 1405 spus
3012 1313 3147 1395 eet,
3175 1306 3626 1404 eaplieatione
3653 1310 3796 1382 auis
3823 1309 3989 1382 locis
4005 1309 4218 1382 addita.

1946 1469 2079 1545 AB
2128 1469 2506 1544 ORDINE
2552 1471 3547 1548 IURECONSUL'I'ORUM.

1284 1616 1692 1715 Requiritur
1699 1614 2019 1688 historica
2037 1621 2109 1687 et
2118 1615 2359 1687 critica
2372 1614 2831 1688 commentatio
2840 1615 3281 1689 deRossavn
3290 1615 3624 1712 opusculo:
3637 1613 3738 1686 du
3750 1622 4016 1689 contrat
4031 1612 4220 1688 socisl.

2116 1763 2249 1837 AB
2297 1763 2676 1838 ORDINE
2725 1764 3352 1840 MEDIOORUM.

1323 1909 1803 2005 Eaponantur,
1865 1932 2041 2006 quae
2084 1908 2454 2003 postremis
2520 1931 2722 1980 amm
2788 1907 2876 1981 ab
2944 1909 3231 1982 eruditis
3268 1909 3484 2002 faeta
3548 1914 3622 1981 et
3672 1907 3932 2004 scripta
3984 1913 4124 1978 sunt
4166 1913 4224 1978 ut

1228 2028 1429 2101 lienis
1463 2029 1739 2118 functio
1786 2027 2196 2124 definiretur.
2296 2027 2472 2100 Fiat
2512 2035 2736 2102 autem
2783 2029 2888 2101 ita
2935 2033 3012 2102 ut
3057 2029 3536 2125 emperimentie
3583 2035 3655 2102 et
3692 2027 4221 2101 observationibus

1216 2149 1523 2244 prqm'ie
1600 2153 2027 2245 super-struat
2088 2155 2323 2222 auctor
2388 2150 2833 2234 sententiam,
2902 2173 3101 2248 quam
3169 2148 3655 2245 amplectatur,
3723 2149 3872 2222 cive
3933 2147 4222 2222 anteriori

1226 2266 1437 2340 alicui
1480 2268 1971 2341 assentiendum
2002 2274 2241 2364 putet,
2287 2247 2431 2341 sive
2477 2292 2710 2341 novam
2757 2269 2905 2366 ipse
2934 2274 3306 2365 proponat.

1319 2433 1439 2505 Ad
1475 2457 1674 2531 quam
1723 2432 2174 2530 quaestionem
2222 2433 2429 2540 etiam
2463 2434 2704 2529 patrio
2748 2435 3049 2507 sermone
3093 2433 3495 2529 respondere
3541 2432 3791 2506 licebit.

1536 2603 1667 2678 AB
1717 2601 2094 2676 ORDINE
2142 2601 2919 2678 DISCIPLINARUM
2967 2594 3929 2678 MATHEMATICARUM

2340 2747 2431 2798 m·
2480 2723 3148 2798 PHYSICARUM.

2723 2868 2783 2942 I.

1324 2989 1733 3087 Eaponatur
1767 2995 1838 3063 et
1872 2987 2252 3062 elaboretur
2286 2989 2550 3063 theoria
2587 2987 2916 3063 linearum
2953 2987 3462 3074 trochoidalium
3507 2987 3651 3061 eive
3681 2982 4134 3083 qvscloidalium.

2697 3109 2796 3183 II.

1328 3232 1695 3311 Quaeritur
1738 3230 2121 3329 disquisitio
2176 3230 2486 3305 botaniea
2499 3286 2521 3317 ‚
2547 3230 2838 3327 physica
2887 3238 2960 3303 el
3002 3228 3294 3302 chemica
3339 3228 3426 3300 de
3465 3226 3684 3323 amylo
3711 3283 3734 3313 ,
3783 3248 3986 3324 eaque
4021 3222 4207 3319 epeia

1209 3352 1558 3448 serzsptorie
1617 3350 2185 3424 observationibus
2246 3356 2450 3423 aucta
2469 3407 2488 3437 ,
2555 3374 2641 3424 ea*
2703 3375 2840 3449 qua
2891 3349 3099 3446 amyli
3157 3350 3343 3445 oriqo
3368 3405 3389 3434 ,
3454 3353 3797 3420 structura
3867 3353 3933 3418 et
3991 3344 4210 3416 var-iae

1219 3473 1473 3567 species
1518 3477 2015 3569 cognoscantur.

1314 3592 1434 3662 Ad
1473 3596 1823 3689 utramque
1867 3590 2319 3688 quaestionem
2366 3590 2570 3665 etiam
2601 3592 2842 3687 patrio
2885 3613 3185 3665 sermone
3229 3587 3633 3693 respondere
3684 3585 3930 3660 licebit.

1312 3827 1939 3906 Commentationes
1962 3886 1982 3916 ‚
2051 3828 2303 3904 Latina
2368 3830 2674 3903 oratione
2723 3828 3255 3904 conscribendae
3273 3883 3294 3915 ‚
3355 3823 3500 3899 nisi
3540 3823 3796 3899 diserte
3847 3820 4032 3921 patrii
4076 3842 4195 3891 ser·

1217 3948 1443 4023 monis
1484 3972 1654 4022 usus
1694 3971 2060 4023 concessus
2106 3954 2249 4036 est,
2300 3955 2371 4021 et
2415 3947 2638 4023 aliena
2685 3971 2900 4022 manu
2946 3944 3435 4022 describendae
3455 4002 3476 4033 ,
3527 3950 3690 4018 ante
3737 3943 3922 4017 diem
3959 3938 4078 4016 XV
4111 3962 4190 4011 m.

1214 4066 1475 4167 Aprilis
1510 4092 1572 4141 a.
1614 4065 2098 4141 MDCCCLIV
2142 4065 2511 4140 mittuntor
2541 4065 2631 4140 ad
2670 4064 2920 4139 Virum
2955 4063 3428 4140 Clarissimum
3448 4122 3468 4151 ,
3535 4063 3660 4163 qui
3710 4064 3997 4138 Senatus
4041 4058 4186 4133 Aca-

1216 4186 1471 4262 demici
1518 4192 1671 4261 acta
1708 4184 2001 4261 curabit.
2051 4185 2380 4284 Singulae
2400 4185 2722 4260 lemmate
2749 4184 3215 4260 inscribuntor
3235 4186 3850 4284 adiunguntorque
3879 4176 4186 4258 schedulae

1214 4307 1619 4407 obsignatae
1635 4363 1656 4394 ‚
1707 4286 2117 4404 scriptorum
2152 4306 2432 4381 nomina
2467 4314 2538 4380 et
2575 4305 3021 4406 praenomina
3039 4305 3309 4405 integra
3332 4305 3766 4381 continentes
3786 4363 3807 4392 ‚
3857 4300 4180 4395 eodemque

1218 4430 1543 4503 lemmate
1591 4426 2015 4501 extrinsecus
2066 4425 2449 4503 distinctae.
3594 4430 3613 4453 ⁸

1312 4547 1659 4623 Ordinum
1720 4547 1809 4620 de
1868 4546 2580 4622 Commentationibus
2640 4545 2898 4621 iudicia
2933 4544 3572 4646 pronuntiabuntur
3589 4602 3612 4634 ‚
3674 4542 4172 4643 optimatumque

1211 4666 1889 4742 Commentationum
1927 4665 2373 4764 scriptoribus
2392 4726 2413 4755 ,
2447 4666 2930 4765 disquisitione
2965 4675 3127 4742 ante
3167 4665 3488 4743 instituta
3505 4724 3526 4756 ‚
3576 4662 3878 4764 praemia
3916 4657 4170 4735 tribuen-

1216 4798 1331 4863 tur
1374 4788 1526 4887 ipso
1571 4786 1685 4861 die
1732 4786 2150 4865 Academiae
2199 4788 2414 4865 natali
2461 4813 2521 4865 a.
2573 4785 3093 4867 MDCCCLIV.
