4766 6034
1190 602 1283 669 54
2374 602 2452 671 A.
2537 605 3044 672 KUENEN

1192 836 1459 892 servare
1500 810 1736 899 lubet,
1785 807 1975 910 quod
2018 832 2182 885 cum
2226 833 2303 885 re
2322 867 2345 899 ,
2394 835 2611 909 quam
2657 812 2775 887 hic
2816 837 2950 913 ago
2964 870 2985 901 ,
3032 809 3678 888 coniunctissimum
3715 820 3844 889 est.
3947 812 4215 891 Scilicet

1188 933 1541 1008 verissime
1612 930 1783 1005 mihi
1856 930 2367 1006 Ritschlius
2449 931 2754 1008 iudicare
2825 933 3137 1021 videtur,
3210 932 3340 1009 hac
3408 934 3809 1033 praesertim
3882 934 3958 1009 in
4032 960 4108 1010 re
4179 962 4218 1011 a

1194 1052 1737 1152 Schweglero
1798 1050 2088 1150 aliisque
2142 1051 2358 1126 fuisse
2427 1061 2828 1151 peccatum,
2898 1054 3090 1153 quod
3143 1078 3265 1142 ea,
3323 1078 3504 1153 quae
3564 1055 3901 1153 Apostolo
3951 1056 4218 1132 Paulo

1190 1198 1353 1249 cum
1398 1173 1679 1272 reliquis
1722 1171 2120 1247 communia
2166 1178 2400 1246 essent
2414 1230 2434 1259 ‚
2500 1196 2780 1272 prorsus
2811 1172 3286 1273 neglexerint:
3336 1172 3436 1250 ita
3483 1174 3670 1249 enim
3719 1174 3985 1249 fectum
4031 1200 4177 1251 esse
4193 1234 4216 1265 ‚

1190 1302 1271 1369 ut
1334 1318 1463 1369 nec
1530 1293 1877 1392 quomodo
1942 1318 2031 1368 ex
2082 1291 2329 1366 eedem
2370 1290 2564 1366 fonte
2607 1294 2985 1392 proficisci,
3047 1317 3276 1395 neque
3319 1294 3669 1392 quomodo
3723 1318 3940 1369 unam
3985 1296 4215 1371 Eccle-

1186 1415 1362 1489 siam
1415 1414 1707 1488 formare
1755 1412 2111 1511 potuerint
2166 1412 2640 1489 Paulinismus
2691 1421 2763 1488 et
2804 1414 3676 1489 Iudaeo-christianismus
3696 1473 3719 1504 ‚
3766 1421 3915 1489 toto
3961 1414 4214 1489 scilicet

1184 1534 1373 1610 coelo
1437 1558 1483 1609 a
1539 1558 1612 1608 se
1665 1532 1965 1609 invicem
1996 1532 2353 1607 distantes
2371 1591 2393 1621 ,
2457 1533 2624 1608 satis
2687 1534 3208 1634 intelligeretur.
3316 1537 3556 1633 Neque
3614 1534 3842 1609 eidem
3904 1535 4216 1610 assentiri

1185 1654 1433 1730 dubito
1455 1712 1475 1743 ‚
1546 1653 1672 1728 ubi
1738 1653 1831 1728 ad
1888 1659 2148 1727 arctam
2204 1654 2782 1729 necessitudinem
2803 1713 2823 1744 ,
2890 1679 3070 1754 quae
3123 1654 3332 1754 primi
3397 1654 3546 1729 aevi
3596 1654 4010 1729 Christianis
4059 1680 4216 1730 cum

1181 1774 1421 1849 Veteri
1455 1775 1763 1848 Foedere
1808 1772 2231 1865 intercessit,
2278 1774 2588 1875 primum
2628 1775 2984 1851 attendere
3023 1798 3154 1850 nos
3191 1773 3409 1850 iubet.
3477 1774 3668 1863 Quae
3707 1774 3932 1873 qualis
3975 1773 4212 1862 fuerit,

1182 1895 1423 1995 paucis
1472 1892 1959 1993 explicandum
2007 1902 2114 1970 est
2130 1952 2151 1983 ,
2201 1920 2341 1993 quo
2390 1896 2642 1971 melius
2691 1896 2864 1995 quid
2913 1894 3086 1970 mihi
3135 1894 3340 1969 velim
3387 1899 3732 1993 appareat.

1280 2013 1739 2113 Interrogati,
1803 2014 2080 2113 qualem
2130 2015 2204 2089 in
2250 2014 2381 2091 hoc
2429 2022 2768 2090 terrarum
2816 2015 2982 2091 orbe
3021 2015 3236 2090 vitam
3283 2014 3501 2113 egerit
3551 2013 3828 2088 divinus
3871 2012 4216 2111 religionis
4280 2083 4286 2089 ,

1184 2134 1617 2209 Christianae
1676 2133 2027 2224 conditor,
2086 2134 2296 2211 verbo
2349 2136 2766 2237 respondere
2805 2136 3154 2235 possimus
3172 2194 3192 2225 ,
3245 2135 3457 2209 vitam
3507 2134 3656 2208 eius
3698 2133 4040 2232 perfectae
4087 2134 4211 2207 hu-

1184 2255 1537 2331 manitatis
1596 2255 1993 2354 exemplum
2038 2254 2340 2331 referre:
2391 2256 2523 2332 hoc
2573 2256 2791 2356 igitur
2837 2280 3048 2331 sensu
3084 2263 3312 2330 totum
3356 2254 3740 2328 humanum
3785 2278 4009 2353 genus
4059 2278 4214 2327 eum

1180 2384 1538 2474 tamquam
1588 2400 1795 2451 suum
1844 2374 1979 2449 sibi
2026 2376 2360 2465 vindicat3
2413 2377 2574 2451 hinc
2621 2378 2743 2466 fit,
2789 2384 2876 2451 ut
2913 2376 3240 2451 omnibus
3279 2374 3598 2449 omnium
3637 2381 3948 2449 aetatum
3997 2373 4210 2448 homi-

1178 2494 1389 2571 nibus
1451 2494 1825 2594 perfectam
1887 2494 2163 2570 vivendi
2212 2521 2532 2572 normam
2577 2495 2938 2595 reliquisse
2986 2496 3322 2591 dicendus
3377 2494 3488 2569 sit.
3587 2494 3710 2599 At„
3734 2493 3843 2567 vel
3883 2494 3982 2567 sic
4023 2493 4212 2567 aliter

1178 2616 1329 2691 fieri
1386 2640 1527 2689 non
1587 2614 1857 2714 potuit,
1928 2614 2099 2713 quin
2161 2622 2234 2689 et
2298 2614 2336 2687 Ι
2352 2638 2436 2689 es
2451 2639 2501 2688 u
2568 2639 2654 2689 ex
2713 2614 3094 2689 Israelitica
3161 2613 3373 2711 stirpe
3431 2612 3623 2711 origo
3643 2669 3664 2700 ‚
3735 2620 3806 2685 et
3865 2618 4014 2687 tota
4069 2612 4211 2686 eius

1178 2734 1529 2809 institutio
1584 2740 1656 2807 et
1715 2733 1905 2834 quod
1962 2734 2029 2808 ei
2090 2758 2253 2810 cum
2304 2734 2758 2833 popularibus
2804 2735 2839 2808 f
2839 2734 2939 2808 uit
2986 2732 3474 2809 commercium
3493 2789 3514 2820 ‚
3564 2756 3892 2831 magnam
3939 2731 4013 2805 in
4057 2754 4211 2805 eum

1180 2854 1655 2929 efficacitatem
1694 2852 2159 2943 exercuerint3
2202 2853 2301 2929 ita
2341 2862 2424 2928 ut
2462 2854 2620 2929 talis
2638 2912 2658 2943 ‚
2697 2855 2920 2954 qualis
2961 2854 3246 2928 historia
3279 2859 3456 2927 teste
3493 2852 3659 2941 fuit,
3709 2852 3890 2925 inter
3921 2851 4213 2926 Iudaeos

1180 2982 1457 3050 tantum
1526 2973 1853 3053 exsistere
1915 2974 2242 3074 potuerit.
2360 2974 2573 3053 Quod
2633 2998 2850 3074 quam
2921 2998 3168 3066 verum
3237 2974 3363 3064 sit,
3433 2998 3472 3048 e
3535 2980 3682 3049 tota
3735 2974 3886 3048 eius
3939 2978 4214 3074 apparet

1176 3096 1489 3172 doctrina
1506 3153 1525 3185 ,
1592 3096 1735 3170 sive
1796 3094 2153 3170 materiem
2205 3095 2355 3169 eius
2401 3101 2669 3193 spectes
2691 3153 2712 3183 ‚
2781 3119 2906 3169 seu
2955 3095 3270 3169 formam.
3374 3095 3992 3173 Quemadmodum
4035 3079 4212 3170 enim

1175 3216 1387 3291 libros
1452 3216 1875 3290 Iudaeorum
1932 3240 2159 3291 sacros
2221 3215 2536 3314 agnoscit
2557 3273 2578 3303 ,
2642 3214 2742 3290 ita
2802 3215 2888 3290 M
2905 3240 2948 3290 o
2965 3240 3000 3290 s
3017 3239 3056 3289 e
3076 3239 3125 3290 n
3193 3222 3265 3288 et
3321 3215 3690 3314 prophetas
3741 3215 3830 3289 de
3885 3239 3958 3289 se
3985 3216 4212 3293 ,fuisse

1175 3337 1581 3411 vaticinatos
1644 3335 1846 3410 docet
1902 3342 1974 3409 et
2018 3335 2131 3409 lex
2180 3334 2495 3411 Mosaica
2543 3335 2756 3410 totius
2799 3335 3258 3411 institutionis
3305 3336 3372 3410 ei
3415 3344 3521 3411 est
3563 3336 3766 3434 quasi
3806 3335 4210 3410 fundamen·

1176 3463 1353 3529 tum.
1462 3455 1626 3528 Non
1699 3455 1887 3528 enim
1943 3454 2213 3528 venisse
2280 3478 2354 3527 se
2420 3461 2718 3528 testatur
2736 3513 2756 3543 ,
2823 3462 2908 3528 ut
2967 3439 3256 3531 solveret
3325 3455 3552 3555 legem
3623 3463 3746 3530 aut
3813 3455 4210 3555 prophetas,

1179 3574 1305 3648 sed
1345 3579 1425 3647 ut
1460 3572 1813 3672 impleret:
1864 3573 2007 3648 imo
2042 3597 2203 3648 vero
2242 3573 2421 3648 illud
2451 3573 2683 3672 ipsum
2703 3632 2724 3663 ‚
2776 3574 2968 3675 quod
3000 3575 3074 3649 in
3105 3575 3255 3650 eius
3292 3575 3728 3650 institutione
3770 3574 4210 3675 popularibus

1179 3717 1439 3768 novum
1508 3701 1655 3768 erat
1713 3702 1925 3792 atque
1974 3693 2373 3768 inauditum
2393 3752 2413 3783 ‚
2480 3685 2798 3793 gentium
2842 3695 2916 3770 in
2963 3721 3260 3796 regnum
3281 3754 3301 3785 ,
3354 3697 3544 3796 quod
3591 3695 3998 3772 conditurus
4037 3701 4208 3781 erat,

1178 3812 1502 3888 introitus
1521 3871 1542 3901 ,
1612 3837 1653 3888 e
1712 3813 2207 3913 prophetarum
2274 3813 2546 3912 scriptis
2603 3814 2762 3890 licet
2825 3815 3090 3891 hauriri
3152 3840 3311 3918 non,
3343 3815 3647 3916 potuerit
3665 3875 3685 3904 ,
3748 3823 3933 3890 arcte
3984 3822 4208 3889 tamen

1180 3957 1343 4007 cum
1393 3932 1479 4006 iis
1536 3932 1871 4008 cohaeret.
1974 3935 2177 4012 Quae
2221 3959 2442 4033 quum
2483 3935 2586 4010 ita
2627 3961 2701 4011 se
2741 3936 3083 4026 habeant,
3131 3937 3484 4013 neminem
3534 3935 4021 4010 dubitaturum
4069 3957 4208 4008 esse

1177 4051 1507 4142 arbitror,
1557 4053 1730 4153 quin
1773 4053 1849 4127 in
1893 4044 1989 4128 Ie
2008 4078 2109 4128 su
2152 4054 2462 4129 doctrina
2502 4056 2910 4154 exponenda
2927 4115 2948 4148 ,
2997 4063 3335 4157 perpetuo
3374 4055 3646 4130 Veteris
3683 4054 4010 4129 Foederis
4043 4052 4207 4129 ratio

1178 4173 1501 4249 habenda
1517 4232 1538 4262 ,
1599 4174 1739 4249 imo
1801 4173 1891 4250 ab
1948 4174 2079 4250 hoc
2140 4175 2712 4274 proficiscendum
2771 4178 2882 4252 sit.
2984 4177 3200 4256 Quod
3245 4175 3435 4251 enim
3477 4175 3551 4250 in
3599 4175 4078 4273 cuiuscunque
4115 4169 4206 4246 rei

1178 4294 1361 4369 valet
1422 4294 1816 4394 cognitione
1834 4353 1855 4383 ‚
1923 4293 2013 4368 ab
2072 4294 2242 4394 ipsis
2288 4294 2506 4370 initiis
2546 4298 3132 4397 progrediendum
3177 4321 3328 4384 esse
3343 4355 3363 4385 ,
3411 4295 3599 4369 idem
3643 4295 3720 4368 in
3764 4295 3802 4367 I
3820 4318 3859 4367 e
3879 4319 3912 4368 s
3930 4317 3982 4366 u
4019 4289 4205 4367 insti-

1182 4414 1520 4490 tutionem
1588 4415 1873 4490 omnino
1934 4415 2251 4513 quadrat.
2354 4417 2604 4515 Neque
2669 4441 2982 4492 veremur
3001 4475 3021 4506 ‚
3087 4441 3178 4490 ne
3234 4412 3627 4489 istiusmodi
3689 4412 4206 4511 investigatione

1178 4531 1533 4622 instituta,
1597 4535 1957 4611 minuatur
2002 4543 2239 4610 nostra
2284 4559 2450 4634 erga
2492 4559 2658 4610 eum
2700 4533 3117 4623 reverentia,
3184 4539 3309 4609 aut
3355 4532 3590 4606 divina
3637 4555 3815 4630 quae
3859 4531 3998 4630 ipsi
4037 4529 4207 4604 inest

1182 4651 1600 4750 praestantia
1656 4655 1892 4729 minus
1958 4661 2318 4755 appareat:
2387 4679 2616 4752 neque
2671 4653 2858 4728 enim
2919 4655 3192 4729 credere
3241 4660 3312 4730 et
3355 4654 3736 4752 intellzyere
3781 4651 4030 4725 merito
4081 4645 4205 4723 sibi

1180 4772 1475 4848 invicem
1512 4781 1959 4872 opponuntur
1972 4831 1993 4864 ,
2040 4798 2167 4848 nec
2216 4774 2254 4847 Ι
2270 4797 2308 4848 e
2328 4798 2361 4848 s
2380 4797 2430 4846 u
2469 4771 2886 4871 praecellens
2931 4770 3118 4846 divin
3127 4793 3390 4871 umque·
3423 4769 3784 4870 ingenium
3819 4775 4200 4844 accuratam
