4766 6034
1136 629 1269 696 204
1432 588 1455 607 ⁹
1992 638 2009 653 ·
2236 630 2286 694 1.
2356 629 2434 696 A.
2503 629 2571 698 c,
2643 628 3078 701 novans

1133 840 1445 937 cognatis
1514 839 1654 912 sive
1716 836 2041 911 affinibus
2100 836 2564 913 dilectissimis
2584 897 2604 926 ‚
2671 862 2848 937 quos
2897 863 3036 912 non
3093 839 3328 937 lugere
3375 839 3592 915 animi
3634 840 3939 937 profecto
3995 850 4164 916 esset

1134 957 1293 1031 duri
1338 966 1409 1031 et
1459 957 1683 1032 ferrei.
1782 958 1875 1030 Et
1930 964 2007 1030 tu
2027 1015 2047 1044 ‚
2113 957 2295 1032 Clar.
2353 983 2487 1033 van
2533 958 2739 1046 Han,
2807 958 3038 1033 dolore
3089 956 3378 1031 affectus
3429 982 3544 1044 es,
3595 982 3814 1057 eoque
3855 961 4160 1035 omnium

1129 1078 1269 1152 fere
1298 1078 1758 1152 acerbissimo.
1835 1075 2249 1151 Mauritium
2285 1083 2499 1150 tuum
2535 1076 2825 1150 amisisti
2845 1134 2864 1163 ,
2913 1076 3066 1175 ipsa
3099 1075 3434 1174 pueritiae
3470 1076 3898 1152 amabilitate
3937 1080 4160 1179 vigen-

1128 1208 1267 1271 tem
1291 1257 1311 1285 ‚
1381 1182 1631 1272 domus
1690 1204 1855 1271 tuae
1920 1194 2444 1271 florentissimae
2513 1196 2810 1270 delicias,
2913 1195 3110 1274 Quid
3173 1219 3262 1268 ex
3318 1194 3448 1270 hoc
3509 1196 3740 1271 dolore
3815 1208 3884 1271 te
3955 1198 4162 1299 eriget

1124 1326 1334 1416 atque
1396 1318 1657 1392 reficiet
1673 1320 1707 1390 Ρ
1793 1317 2102 1415 Tempus
2122 1374 2141 1403 ,
2213 1315 2390 1390 ratio
2410 1374 2429 1404 ‚
2497 1316 2878 1390 officiorum
2935 1315 3315 1390 multitudo
3329 1373 3350 1403 ‚
3413 1316 3550 1389 vita
3603 1317 3674 1391 in
3729 1318 4040 1394 docendo
4097 1329 4163 1393 et

1126 1437 1455 1512 discendo
1521 1438 1785 1511 utiliter
1848 1438 2232 1534 occupata?
2324 1434 2775 1509 Admirabilis
2837 1443 2944 1509 est
3005 1442 3076 1508 et
3141 1458 3528 1533 numquam
3579 1436 3748 1510 satis
3795 1438 4161 1537 praedicari

1126 1557 1338 1656 digne
1384 1567 1614 1657 potest
1660 1558 1909 1632 horum
1960 1556 2275 1629 omnium
2322 1556 2428 1629 vis
2477 1555 2568 1629 ad
2616 1542 2927 1631 mentem
2977 1555 3236 1629 sensim
3285 1555 3420 1631 alio
3468 1557 3911 1633 avertendam
3949 1557 4158 1633 abdu-

1125 1678 1557 1777 cendamque
1618 1678 1899 1751 tandem
1948 1702 1991 1749 a
2044 1674 2556 1750 carissimorum
2603 1675 2914 1774 capitum
2961 1675 3395 1775 cogitatione.
3499 1677 3640 1751 Sed
3683 1676 3746 1751 si
3791 1677 3950 1776 quis
3995 1679 4160 1753 hanc

1124 1806 1644 1871 evanescentem
1716 1784 1993 1871 illorum
2074 1795 2478 1870 memoriam
2550 1796 2956 1894 parentibus
3027 1796 3392 1895 indignam
3467 1796 3764 1872 iudicat:
3849 1798 3912 1871 si
3971 1798 4160 1873 nobis

1126 1924 1447 2016 exoptat,
1518 1924 1599 1990 ut
1659 1916 1856 1991 liberi
1919 1915 2049 1989 hac
2112 1914 2255 1989 vita
2298 1915 2522 1989 functi
2568 1922 2971 2013 pernoctent
3009 1915 3370 1990 nobiscum
3394 1975 3417 2004 ‚
3473 1917 3895 1993 mstioentur
3911 1976 3932 2005 ‚
3979 1942 4158 2017 pere·

1125 2037 1523 2136 grinentur:
1594 2036 1654 2109 si
1704 2036 1894 2110 illam
1945 2034 2148 2109 nobis
2205 2034 2644 2109 commendat
2695 2035 2973 2123 dolendi
3021 2036 3443 2136 voluptatem
3466 2096 3486 2125 ‚
3547 2063 3688 2136 qua
3733 2039 3844 2113 vel
3887 2039 4160 2139 vestigia

1073 2187 1081 2197 ·
1123 2158 1402 2231 illorum
1448 2157 1754 2255 legentes
1774 2214 1795 2244 ‚
1844 2155 2071 2229 locum
2123 2154 2522 2252 quaerimus
2565 2155 2732 2229 iocis
2777 2180 3017 2231 eorum
3057 2165 3129 2231 et
3177 2157 3370 2231 seriis
3413 2158 3722 2233 dicatum
3763 2159 4160 2259 singulaque

1126 2278 1200 2350 in
1272 2277 1566 2375 singulis
1629 2276 1814 2350 dicta
1880 2282 1953 2349 et
2006 2274 2191 2349 facta
2248 2274 2700 2357 meminimus
2718 2333 2741 2362 ‚
2805 2276 2913 2349 vel
2961 2276 3036 2349 in
3087 2277 3495 2375 gravissima
3545 2278 3894 2354 doctrinae
3943 2278 4160 2354 studia

1126 2397 1612 2473 incumbentes
1631 2454 1652 2484 ‚
1719 2418 2086 2470 avocamur
2136 2386 2301 2469 inde
2344 2394 2438 2470 ad
2481 2393 2860 2494 imaginem
2915 2396 3348 2471 recolendam
3395 2422 3669 2486 eorum,
3735 2400 3860 2497 qui
3901 2399 4161 2499 saepius

1121 2518 1257 2617 ipsi
1311 2541 1440 2592 nos
1506 2524 1630 2591 aut
1702 2516 2005 2591 volentes
2082 2522 2205 2588 aut
2267 2527 2416 2588 non·
2469 2514 2784 2589 nolentes
2837 2540 2880 2590 a
2931 2515 3334 2591 difficillimo
3383 2516 3614 2594 labore
3659 2527 4063 2607 avocas-unu
4109 2518 4162 2591 si

1124 2639 1295 2711 haec
1370 2636 1656 2711 demum
1726 2634 2168 2711 contenditur
2245 2634 2386 2709 vita
2455 2659 2606 2709 esse
2678 2635 2753 2709 in
2829 2635 3172 2710 desiderio
3227 2662 3384 2712 vere
3436 2638 3660 2713 vitalis
3676 2697 3698 2728 ,
3747 2663 4038 2739 ecquem
4081 2638 4161 2713 ad

1123 2758 1439 2831 animum
1487 2754 1953 2831 roborandum
1998 2778 2039 2828 e
2088 2754 2337 2829 scrinio
2386 2778 2786 2854 promemus
2831 2755 2920 2829 de
2962 2756 3450 2833 Consolatione
3501 2757 3758 2833 librum
3773 2761 3810 2833 P
3881 2760 4163 2834 Nullum

1122 2884 1317 2976 puto,
1383 2875 1585 2961 Viros
1630 2875 1917 2949 dedecet
1956 2873 2046 2949 ab
2092 2871 2496 2948 hominibus
2533 2880 2770 2971 petere
2787 2931 2808 2961 ‚
2859 2873 3066 2981 quodq
3097 2898 3278 2949 unus
3329 2875 3573 2949 tribuit
3621 2876 3840 2952 Deus.
3901 2876 4012 2951 Ex
4047 2878 4165 2951 hoc

1121 2998 1313 3073 fonte
1360 3004 1442 3070 ut
1482 3003 1554 3071 et
1590 2995 1663 3071 in
1698 3003 1934 3070 nostro
1971 3001 2044 3069 et
2082 2994 2155 3068 in
2196 2991 2511 3068 omnium
2537 3051 2558 3081 ‚
2599 3016 2894 3092 quorum
2924 2994 3192 3080 luctum
3215 2994 3516 3092 indicavi
3533 3057 3556 3084 ,
3583 2996 3816 3072 animo
3837 2997 4166 3072 sententia

1120 3118 1385 3193 radices
1436 3124 1635 3217 agat:
1689 3115 2035 3215 quidquid
2075 3139 2118 3189 a
2164 3115 2319 3188 Deo
2350 3113 2614 3188 factum
2631 3173 2651 3201 ,
2691 3115 2870 3190 bene
2911 3114 3210 3188 factum:
3253 3116 3464 3190 etiam
3498 3124 3708 3216 atque
3747 3118 3961 3194 etiam
3987 3126 4161 3217 opto.

1218 3242 1409 3312 Ante
1469 3239 1597 3311 hos
1663 3261 1921 3336 paucos
1984 3259 2259 3311 menses
2328 3243 2399 3309 te
2467 3234 2608 3308 adii
2629 3292 2650 3322 ‚
2717 3234 2897 3309 Clar.
2952 3234 3296 3310 Hofstede
3337 3235 3425 3310 de
3481 3239 3737 3325 Groot,
3789 3246 3872 3311 ut
3920 3239 4010 3314 de
4059 3238 4161 3312 die

1124 3367 1317 3433 sexto
1382 3357 1639 3432 mensis
1704 3357 1881 3430 Maii
1942 3354 2075 3429 tibi
2137 3354 2538 3454 gratularer.
2637 3355 2734 3427 Et
2787 3355 2862 3427 in
2915 3354 3084 3428 alios
3127 3353 3502 3430 incidimus
3549 3381 3897 3432 sermones
3947 3368 4019 3432 et
4061 3381 4162 3430 me

1126 3480 1353 3554 dicere
1414 3476 1739 3564 memini,
1804 3476 2101 3550 infixum
2158 3473 2292 3548 tibi
2339 3472 2534 3547 venis
2571 3478 2644 3546 et
2693 3471 3016 3547 medullis
3061 3497 3212 3548 esse
3259 3473 3437 3548 illud
3483 3476 3988 3575 ἐργάζεσθαι,
4033 3483 4163 3560 ἕως

1124 3606 1365 3697 ἡμέρα
1418 3599 1653 3672 ἐστίν.
1752 3595 1961 3668 Nunc
2014 3602 2254 3668 autem
2299 3592 2527 3667 habeo
2573 3616 2750 3690 quae
2796 3590 3072 3667 addam.
3172 3593 3356 3668 Nam
3400 3619 3526 3693 per
3569 3591 3820 3696 vigi'nti
3865 3597 4162 3695 quinque

1127 3743 1345 3793 annos
1398 3722 1700 3815 spartam
1722 3772 1743 3801 ‚
1801 3739 2012 3822 quam
2069 3713 2355 3786 sortitus
2401 3737 2476 3786 es
2497 3769 2518 3800 ,
2569 3713 2666 3786 sic
2708 3713 3006 3801 ornasti,
3059 3721 3138 3787 ut
3159 3771 3180 3801 ‚
3229 3715 3419 3811 quod
3467 3715 3788 3790 nonnulli
3837 3713 4159 3817 suspicati

1130 3845 1296 3911 sunt
1335 3846 1404 3909 te
1439 3833 1801 3908 audientes
1838 3835 1927 3908 de
1970 3832 2249 3906 Davide
2273 3834 2490 3928 poe‘ta
2530 3829 2738 3904 verba
2775 3830 3136 3905 facientem
3158 3888 3179 3918 ‚
3215 3855 3404 3906 nunc
3437 3833 3674 3930 plures
3705 3834 4158 3919 consentiant,

1130 3959 1355 4030 virum
1426 3963 1495 4029 te
1562 3979 1712 4028 esse
1777 3954 2086 4052 quinque
2152 3949 2594 4026 talentorum.
2695 3949 2855 4024 Hoc
2907 3950 3269 4024 hominum
3319 3975 3579 4048 genuS,
3615 3953 3820 4060 ‘quod
3869 3952 4158 4052 pondere

1130 4099 1493 4152 censemus
1512 4133 1533 4162 ‚
1582 4098 1723 4149 non
1766 4097 2055 4148 numero
2072 4131 2093 4161 ‚
2144 4072 2420 4171 quoties
2464 4071 2770 4145 multum
2813 4083 3046 4146 movet
3063 4129 3082 4158 ,
3129 4095 3269 4145 non
3307 4096 3472 4146 sane
3506 4082 3862 4171 promovet
3889 4095 4153 4171 parum3

1134 4195 1257 4271 sed
1295 4195 1370 4269 in
1406 4193 1621 4268 solem
1650 4199 1861 4290 atque
1900 4192 1973 4266 in
2004 4191 2362 4291 pulverem
2386 4190 2762 4289 procedens
2781 4248 2801 4277 ‚
2843 4188 3168 4264 omnibus
3211 4191 3322 4266 sui
3339 4249 3360 4280 ,
3399 4192 3460 4265 si
3498 4217 3638 4266 non
3675 4189 4152 4292 cognoscendi,

1130 4325 1315 4391 certe
1360 4311 1719 4413 spectandi
1766 4311 2259 4409 iudicandique
2310 4310 2898 4409 opportunitatem
2942 4318 3160 4407 parat.
3257 4310 3450 4386 Hinc
3501 4320 3584 4385 ut
3627 4313 3882 4412 integri
3921 4309 4152 4386 illaesi·

1131 4459 1269 4533 que
1330 4432 1781 4519 decederent,
1844 4455 1933 4505 ne
2000 4455 2128 4505 sua
2190 4430 2474 4528 quidem
2498 4487 2517 4519 ,
2587 4430 2648 4504 si
2710 4452 2851 4526 qua
2916 4438 3138 4518 esset,
3205 4432 3620 4530 perfectione
3681 4433 4156 4530 impetrarentz

1132 4553 1270 4628 nisi
1339 4551 1719 4651 aequabilis
1798 4550 2152 4626 accederet
2236 4558 2309 4624 et
2407 4573 2621 4649 prope
2701 4548 2933 4624 divina
3015 4551 3332 4626 omnium
3397 4559 3860 4652 spectatorum
3929 4551 4158 4624 virtus.

1136 4673 1381 4758 Nosti,
1451 4671 1553 4744 vir
1612 4671 1793 4747 Clar.
1817 4730 1837 4759 ‚
1908 4670 2083 4770 quid
2148 4670 2239 4744 sit
2300 4670 2569 4768 placere
2621 4668 2730 4776 his
2750 4727 2770 4757 ‚
2839 4668 3194 4768 displicere
3240 4671 3398 4746 illis.
3497 4670 3842 4746 Ecclesiae
3888 4669 4173 4745 historia

1138 4793 1501 4868 hominum
1562 4790 1691 4864 tibi
1764 4793 2087 4888 eaplicuit
2150 4791 2223 4864 in
2290 4790 2462 4866 caeli
2513 4790 2728 4890 portis
2791 4795 2945 4865 tum
3009 4790 3412 4866 claudendis
3471 4799 3625 4866 tum
3679 4787 4178 4889 patefaciendis
