4766 6034
1187 635 1311 698 148
2316 635 2396 702 G.
2464 637 3094 704 J.MULDER

1185 837 1497 919 terminis
1561 850 1667 917 est
1740 843 2087 918 adstricta.
2188 843 2502 918 Comitas
2525 902 2544 932 ‚
2612 844 3006 944 benignitas
3029 903 3048 932 ‚
3115 869 3308 919 amor
3326 903 3346 933 ,
3410 845 3630 945 gratia
3650 903 3669 933 ‚
3732 844 4175 923 beneficentia
4198 909 4217 936 ‚

1183 964 1553 1039 liberalitas
1619 988 1758 1038 non
1834 971 2202 1039 senescunt
2270 964 2511 1053 anniS,
2587 966 2710 1040 sed
2776 972 3112 1065 perpetuo
3179 965 3417 1065 vigent
3493 974 3703 1064 atque
3774 968 3951 1042 veris
4009 967 4217 1043 instar

1182 1109 1381 1168 novo,
1424 1109 1693 1184 semper
1759 1084 1925 1159 flore
1989 1084 2434 1160 revirescunt.
2538 1086 2720 1163 Quis
2761 1093 2998 1160 autem
3051 1086 3168 1162 illo
3213 1084 3588 1173 affabilior,
3639 1085 4004 1185 benignior
4025 1145 4044 1174 ‚
4093 1086 4216 1160 hu·

1084 1247 1093 1264 ·
1182 1204 1447 1279 manior
1467 1262 1488 1291 ‚
1558 1203 1715 1303 quis
1780 1203 2139 1278 officiosior
2159 1263 2179 1291 ,
2250 1203 2592 1280 liberalior
2613 1264 2633 1292 ,
2701 1205 3191 1281 beneficentior
3259 1207 3378 1281 illo
3398 1265 3418 1294 ,
3487 1205 3609 1305 qui
3657 1205 4108 1281 Academiam
4149 1215 4216 1279 et

1181 1325 1550 1400 Civitatem
1620 1333 1867 1399 mutuo
1940 1324 2141 1422 quasi
2205 1325 2482 1401 vinculo
2549 1325 2960 1425 copulabat3
3036 1349 3246 1425 quem
3313 1325 3601 1425 juvenes
3668 1349 3864 1399 senes
3883 1385 3903 1414 ,
3977 1324 4217 1399 divites

1177 1469 1513 1544 pauperes
1532 1504 1550 1533 ,
1604 1445 1787 1520 docti
1832 1444 2095 1518 indocti
2142 1469 2361 1542 aeque
2405 1445 2722 1520 colebant
2762 1453 2832 1520 et
2877 1443 3206 1521 amabant
3230 1503 3249 1533 ,
3298 1469 3538 1519 omnes
3579 1451 3914 1544 tanquam
3955 1453 4216 1544 patrem

1179 1563 1592 1639 salutabant.
1693 1565 1781 1637 In
1854 1564 2185 1638 memoria
2252 1564 2522 1638 habetis
2573 1565 2995 1664 vespertinos
3051 1566 3204 1640 illos
3263 1571 3500 1639 coetus
3524 1623 3544 1653 ‚
3593 1565 3818 1639 lautos
3863 1572 3934 1639 et
3985 1564 4212 1663 opipa-

1176 1710 1286 1759 ros
1309 1745 1328 1773 ,
1400 1684 1491 1758 ad
1554 1709 1728 1783 quos
1782 1685 2069 1758 domum
2117 1709 2314 1759 suam
2370 1709 2608 1792 vocare
2659 1684 2924 1760 solebat
2971 1710 3216 1760 omnes
3241 1745 3260 1774 ‚
3314 1684 3438 1782 qui
3459 1742 3479 1772 ‚
3531 1684 3590 1757 si
3645 1709 3781 1758 non
3835 1685 4016 1758 vitae
4063 1709 4214 1759 con-

1179 1804 1581 1891 suetudine,
1660 1812 1731 1877 at
1806 1803 2192 1877 studiorum
2264 1805 2712 1880 consensione
2789 1816 3021 1880 essent
3085 1806 3355 1907 juncti3
3439 1829 3680 1910 omnes
3753 1828 3928 1902 quos
3992 1830 4214 1881 rerum

1179 1948 1525 2000 sacrarum
1588 1931 1659 1997 et
1725 1923 2065 2011 civilium,
2138 1924 2392 2026 artium
2463 1933 2534 1998 et
2603 1925 3069 2001 doctrinarum
3127 1926 3358 2003 cultus
3411 1925 3644 2022 aliquo
3695 1925 4216 2000 necessitudinis

1179 2045 1451 2119 vinculo
1491 2044 1925 2119 consociaret.
2613 2025 2618 2032 ³
4177 2131 4198 2144 ·

1273 2165 1404 2242 Est
1470 2163 1599 2236 hoc
1666 2164 1917 2238 amoris
1984 2165 2336 2264 proprium
2359 2226 2379 2254 ,
2443 2167 2631 2266 quod
2685 2177 2954 2243 mentes
3006 2165 3368 2266 conjungit
3421 2171 3492 2237 et
3539 2163 3936 2239 societatem
3989 2166 4214 2239 condit

1177 2269 1387 2359 tacito
1459 2284 1846 2358 animorum
1908 2309 2252 2361 consensu
2322 2285 2772 2362 conciliatam.
2873 2282 3334 2361 Illustrissimi
3405 2281 3588 2355 senis
3647 2281 4046 2380 exemplum
4093 2309 4214 2358 nos

1178 2405 1419 2492 docet,
1494 2402 2041 2481 benevolentiam
2109 2415 2179 2480 et
2248 2405 2643 2480 comitatem
2708 2405 2926 2480 civilis
2997 2404 3177 2478 vitae
3241 2393 3391 2476 esse
3453 2400 3808 2476 vinculum
3877 2410 3950 2476 et
4023 2427 4210 2476 orna·

1177 2534 1512 2599 mentum.
1644 2526 2273 2624 Repraesentemus
2350 2523 2558 2598 modo
2633 2525 2834 2600 nobis
2905 2525 3033 2598 viri
3111 2521 3528 2620 imaginem:
3607 2521 3958 2618 placidum
4025 2522 4212 2596 illum

1177 2645 1449 2718 vultum
1472 2703 1492 2731 ,
1558 2669 1637 2717 os
1706 2643 1977 2718 affabile
1999 2703 2019 2731 ,
2088 2643 2321 2717 oculos
2387 2642 2700 2716 candoris
2746 2643 3022 2741 plenos:
3079 2641 3236 2741 quis
3284 2641 3462 2716 hanc
3509 2641 3790 2716 intuens
3841 2665 3982 2716 non
4035 2667 4211 2715 com-

1181 2771 1451 2836 motum
1499 2786 1574 2835 se
1623 2761 1873 2836 sentiat
1922 2769 2003 2835 ut
2050 2761 2235 2835 illius
2284 2760 2665 2834 bonitatem
2717 2762 2856 2835 vita
2905 2769 2975 2834 et
3024 2758 3334 2834 moribus
3381 2758 3746 2832 imitetur?

1276 2878 1645 2979 Quidquid
1692 2888 1929 2956 autem
1965 2881 2279 2955 futurum
2329 2886 2436 2952 est
2459 2938 2478 2967 ‚
2527 2877 3046 2954 LuNENnoacn
3084 2877 3420 2952 memoria
3462 2901 3856 2976 numquam,
3883 2879 4212 2953 oblivione

1176 3001 1553 3088 exolescet,
1621 2999 1909 3101 ejusque
1978 2998 2373 3111 exemplum
2438 2998 2873 3075 fluctuosum
2944 2999 3074 3074 erit
3137 2999 3302 3074 huic
3370 2996 3784 3074 Academiae
3805 3057 3825 3087 ‚
3889 2999 4216 3097 quamdiu

1176 3122 1359 3197 ullus
1426 3146 1513 3195 ex
1577 3120 1705 3195 hoc
1772 3129 1977 3196 coetu
2038 3120 2169 3194 erit
2234 3127 2582 3217 superstes
2603 3178 2622 3207 ,
2674 3120 2796 3218 qui
2842 3120 2993 3195 Viri
3051 3120 3301 3194 merita
3345 3119 3729 3217 suspexerit
3777 3129 3848 3193 et
3897 3119 4210 3193 virtutem

1050 3320 1059 3327 ,
1176 3243 1441 3319 amarit.
1539 3242 1654 3314 Ita
1716 3250 1950 3315 autem
2021 3240 2395 3315 venerandi
2463 3241 2645 3315 senis
2711 3240 3114 3315 memoriam
3171 3239 3432 3338 optime
3477 3238 3824 3328 colemus,
3887 3239 3991 3327 si,
4043 3264 4210 3337 quac

1172 3364 1287 3438 ille
1351 3360 1675 3460 cupiebat
1735 3369 1804 3434 et
1862 3360 2189 3458 optabat,
2257 3385 2386 3434 nos
2435 3362 2677 3435 eodem
2725 3361 2956 3434 studio
3009 3382 3382 3457 sequamur
3435 3366 3506 3432 et
3557 3367 3992 3457 expetamus,
4081 3360 4208 3431 Be-

1176 3484 1486 3581 quiescat
1535 3480 1714 3555 sicut
1762 3479 1966 3567 vixit,
2018 3480 2246 3579 sitque
2292 3480 2394 3555 illi
2441 3488 2622 3554 terra
2668 3479 2875 3554 levis!

1278 3600 1693 3699 Nuperrime
1725 3588 2027 3673 ’decreto
2043 3600 2295 3698 ‘Regio
2340 3600 2444 3672 vir
2491 3598 3042 3674 consultissimus
3089 3600 3203 3673 ΑΒ
3251 3599 3624 3672 ΗοῑΤΕΜΑ
3669 3596 4072 3695 designatus
4113 3605 4210 3669 est

1181 3720 1271 3794 ad
1319 3742 1600 3794 vacuam
1654 3716 1962 3791 defuncti
2011 3718 2247 3793 sedem
2293 3720 2784 3819 occupandam.

1284 3958 1643 4056 Superiore
1709 3982 1890 4032 anno
1958 3950 2219 4032 cibitati
2272 3965 2544 4032 nostrae
2611 3956 2905 4055 contigit
2964 3957 3220 4032 honore
3275 3962 3347 4029 et
3392 3955 3651 4054 gaudio
3695 3955 3833 4029 frui
3851 4013 3870 4043 ,
3922 3978 4204 4054 quorum

1180 4077 1556 4151 recordatio
1617 4102 1851 4153 recens
1917 4078 2143 4155 adhuc
2208 4078 2524 4151 omnium
2589 4075 2944 4152 mentibus
2994 4076 3323 4151 inhaeret.
3427 4076 3714 4174 Semper
3761 4074 4205 4150 Neerlandiae

1181 4198 1361 4291 cives
1428 4197 1667 4273 beatos
1726 4224 1797 4272 se
1856 4198 2340 4298 praedicarunt
2357 4257 2377 4286 ,
2447 4198 2717 4296 quoties
2783 4197 3133 4296 adspicere
3205 4204 3275 4270 et
3331 4196 3628 4271 salutare
3674 4194 3907 4269 liceret
3956 4194 4202 4269 Princi-

1182 4342 1341 4416 pem
1363 4377 1383 4406 ,
1447 4326 1678 4392 ortum
1738 4344 1823 4393 ex
1883 4343 1966 4405 ea
2012 4317 2219 4392 domo
2242 4376 2263 4407 ,
2314 4318 2518 4418 cujus
2560 4318 2749 4393 salus
2797 4343 2960 4392 cum
2987 4316 3271 4416 patriae
3320 4316 3794 4391 incolumitate
3837 4314 4203 4390 arctissime

1181 4436 1530 4525 cohaeret;
1595 4463 1681 4512 ex
1750 4462 1833 4513 ea
1894 4437 2189 4525 familia,
2258 4462 2437 4536 quae
2497 4437 2740 4538 populi
2792 4437 3176 4512 libertatem
3197 4494 3217 4524 ,
3267 4446 3532 4511 sacram
3581 4443 3653 4510 et
3703 4434 4010 4523 civilem,
4060 4458 4200 4509 san·

1185 4555 1399 4651 guine
1447 4580 1571 4629 suo
1617 4556 1950 4634 fundavit.
2050 4560 2379 4635 Quantus
2437 4557 2798 4634 hominum
2843 4582 3216 4634 concursus
3236 4615 3256 4646 ‚
3305 4563 3608 4655 quantae
3651 4554 4165 4631 acclamationes
4180 4609 4201 4638 ‚

1190 4682 1449 4771 quanta
1514 4699 1769 4773 pompa
1832 4701 1980 4750 esse
2031 4677 2242 4765 solet,
2310 4678 2585 4775 quoties
2626 4678 3086 4753 Arausiacum
3135 4677 3530 4776 Principem
3577 4674 3957 4775 excipiant,
4007 4674 4200 4749 urbes

1189 4801 1259 4865 et
1318 4791 1573 4892 oppida
1632 4793 2020 4871 visitantem
2093 4821 2173 4871 ea
2231 4798 2552 4873 comitate
2571 4858 2592 4888 ,
2641 4824 2799 4901 ‚qua
2859 4822 3106 4897 parens
3162 4806 3364 4872 natos
3382 4854 3400 4883 ,
3451 4796 3669 4871 immo
3723 4795 3957 4893 potius
4007 4794 4200 4868 trater
