4766 6034
1585 647 1972 715 SERIES
2064 647 2722 717 LECTIONUM.
3549 647 3675 715 125

1671 878 2168 954 FACULTAS
2218 877 2620 953 MEDICA.

624 1097 713 1171 C.
761 1098 1002 1172 Pnurs
1040 1117 1191 1170 van
1234 1117 1383 1169 nnn
1419 1091 1738 1170 Hor-vnn
1778 1093 2259 1195 Pathologiam
2304 1093 2621 1183 docebit,
2673 1094 2920 1169 diebus
2957 1093 3197 1168 Lunae
3217 1153 3236 1183 ,

728 1216 1061 1292 Mercurii
1106 1226 1178 1290 et
1224 1213 1515 1290 Veneris
1535 1272 3222 1303 ........................
3359 1213 3524 1288 hora
3616 1215 3675 1288 I.

828 1335 1256 1411 Medicinam
1302 1335 1674 1433 practicam
1708 1359 1866 1409 cum
1912 1333 2398 1409 exercitatione
2436 1333 2508 1407 in
2543 1333 2960 1424 Nosocomio
2996 1333 3236 1408 acade-

922 1455 1103 1530 mico
1123 1514 1144 1543 ,
1196 1454 1506 1552 quotidie
1527 1512 1547 1543 ,
1614 1510 3231 1531 .......................
3541 1455 3675 1530 ΧΙ.

666 1619 673 1626 ·
823 1574 1207 1649 Historiam
1250 1573 1643 1650 Medicinae
1694 1573 1956 1662 tradet,
2008 1573 2256 1650 diebus
2299 1573 2552 1648 Martis
2599 1582 2670 1646 et
2713 1573 2945 1661 Jovis,
2993 1631 3008 1648 .
3067 1633 3082 1648 .
3140 1633 3156 1648 .
3214 1634 3228 1648 .
3615 1577 3674 1648 Ι.

620 1694 1285 1770 G.C.B.Snn1NcAn
1301 1692 1713 1793 Therapiam
1734 1694 2127 1794 generalem
2152 1694 2428 1770 docebit
2444 1693 2470 1783 ‚'
2494 1694 2742 1767 diebus
2765 1694 2976 1768 Mart.
3003 1701 3073 1767 et
3089 1694 3132 1767 J
3136 1719 3241 1770 ov,
3483 1694 3633 1769 XII
3658 1754 3677 1782 ,

1018 1821 1089 1888 et
1138 1814 1252 1888 die
1303 1813 1585 1888 Saturni
1601 1870 3232 1903 .......................
3543 1815 3676 1891 IX.

823 1933 1452 2034 Pharmacognosin
1500 1943 1574 2008 et
1611 1936 1999 2009 naturalem
2038 1934 2502 2009 remediorum
2535 1933 2890 2010 historiam
2911 1993 2931 2024 ‚
2986 1935 3235 2010 diebus

915 2056 1156 2128 Lunae
1181 2113 1200 2142 ‚
1234 2054 1584 2143 ,Mercurii
1625 2062 1699 2129 et
1751 2053 2039 2129 Veneris
2058 2113 2081 2142 ,
2169 2112 2187 2162 .·
2268 2110 3234 2130 ..............
3505 2056 3680 2132 XII.

828 2174 1411 2272 Therapeuticum
1453 2174 1918 2252 remediorum
1956 2200 2166 2250 usum
2204 2173 2573 2260 indicabit,
2626 2173 2872 2248 diebus
2911 2175 3242 2248 Mercurii

922 2300 993 2367 et
1041 2293 1371 2382 Veneria,
1448 2354 1465 2370 .
1536 2351 3228 2372 ........................
3545 2297 3679 2372 ΙΧ.

825 2413 1228 2488 Doctrinam
1305 2413 1707 2490 morborum
1781 2414 2241 2514 singularium
2312 2415 2577 2503 tradet,
2647 2413 2897 2487 diebus
2957 2414 3199 2488 Lunae
3219 2475 3238 2503 ,

921 2533 1173 2633 Martis
1222 2541 1293 2606 et
1339 2534 1572 2622 Jovis‚
1665 2594 1681 2612 .
1755 2591 2069 2614 .....
2112 2577 2117 2580 -
2124 2590 3237 2612 ................
3544 2537 3676 2614 ΙΧ.

820 2651 1075 2727 Praxin
1141 2653 1481 2729 medicam
1508 2713 1527 2742 ,
1599 2654 1690 2731 ad
1758 2655 2047 2731 lectulos
2103 2656 2614 2756 aegrotantium
2635 2712 2655 2743 ,
2728 2653 3200 2728 moderabitur
3217 2711 3274 2743 ‚.
3363 2677 3369 2684 ·

921 2771 1169 2845 diebus
1219 2770 1513 2871 singulis
1532 2829 3233 2861 ........................
3581 2777 3674 2852 X.

614 2894 699 2966 F.
728 2891 1223 2966 W.Ka11;ona
1253 2891 1616 2966 Theoriam
1659 2890 2088 2991 Disciplinae
2127 2891 2552 2993 chirurgicae
2595 2897 2930 2990 exponet,
2983 2893 3231 2970 diebus

570 3077 583 3086 .
721 3011 1008 3099 Lunae,
1057 3009 1391 3086 Mercurii
1440 3016 1511 3085 et
1559 3009 1891 3098 Veneris,
1958 3069 1975 3085 .
2054 3069 2942 3088 .............
2981 3052 3014 3087 ·.
3071 3072 3086 3087 .
3145 3074 3159 3087 .
3217 3074 3232 3089 .
3468 3015 3672 3095 VIII.

822 3130 1452 3205 Exercitationibus
1498 3128 1759 3204 clinicis
1777 3188 1796 3218 ,
1846 3129 1921 3202 in
1967 3130 2381 3205 Nosocomio
2423 3129 2815 3205 academico
2855 3129 3193 3206 habendis
3211 3190 3232 3219 ,

919 3250 1229 3339 vacabit,
1278 3249 1529 3324 diebus
1570 3249 1852 3337 Lunae,
1902 3249 2276 3337 Mercurii,
2326 3250 2522 3323 Jovis
2569 3258 2640 3323 et
2691 3244 3015 3338 Saturni,
3069 3310 3084 3327 .
3144 3311 3158 3326 .
3217 3312 3232 3326 .
3495 3255 3668 3335 XII.

826 3368 1139 3469 Collegio
1186 3369 1444 3443 casuali
1464 3428 1485 3457 ,
1534 3368 1785 3443 diebus
1829 3369 2081 3443 Martis
2132 3379 2204 3444 et
2247 3369 2537 3443 Veneris
2557 3428 2866 3457 .....
2870 3366 2880 3381 ’
2923 3428 3231 3448 .....
3282 3374 3670 3453 XII—III.

822 3489 1276 3589 Operationes
1306 3488 1727 3588 chirurgicas
1746 3548 1767 3577 ‚
1804 3494 1954 3563 tum
1978 3489 2189 3564 etiam
2216 3489 2709 3565 Vincturarum
2739 3496 2810 3564 et
2835 3490 3237 3569 Fasciarum

928 3609 1352 3697 doctrinam,
1405 3608 1911 3683 demonstrabit
1930 3667 1950 3698 ,
2002 3609 2187 3683 horis
2230 3608 2482 3684 deinde
2521 3609 2931 3690 indicandis,

820 3728 1223 3803 Doctrinam
1275 3727 1362 3801 de
1412 3727 1672 3803 morbis
1720 3727 2075 3803 oculorum
2120 3737 2460 3828 exponet,
2511 3728 2626 3803 die
2675 3730 2997 3823 Saturni,
3063 3788 3078 3807 .
3137 3788 3154 3807 .
3210 3790 3225 3806 .
3326 3732 3669 3810 Χ-ΧΙΙ,

822 3849 1249 3924 Medicinam
1294 3848 1637 3925 forensem
1658 3906 1678 3937 ,
1730 3848 1979 3923 diebus
2022 3848 2264 3923 Lunae
2306 3856 2377 3923 et
2427 3849 2474 3921 J
2475 3850 2620 3923 ovis
2640 3908 3234 3937 .........
3610 3855 3667 3931 I.

820 3968 1443 4068 Anthropologiam
1504 3968 2147 4043 medico-forensem
2213 3969 2532 4057 docebit,
2593 3968 2705 4043 die
2759 3970 3079 4058 Veneris,
3134 4030 3148 4045 .
3208 4031 3222 4045 .
3534 3974 3667 4052 1X.

609 4090 709 4163 A.
760 4088 843 4162 E.
893 4089 1127 4161 Sfflon
1179 4089 1529 4176 Tnomas,
1576 4087 1761 4162 Prof.
1808 4087 2166 4162 Extraord.
2193 4145 2214 4175 ‚
2264 4087 2630 4163 Theoriam
2673 4089 2871 4165 Artis
2907 4089 3227 4191 obstetri-

722 4208 872 4282 ciae
920 4213 1257 4305 exponet,
1308 4206 1555 4281 diebus
1591 4207 1883 4297 Martia,
1932 4206 2126 4281 Jovis
2176 4215 2247 4280 et
2303 4208 2627 4295 Saturni,
2691 4267 3216 4285 ........
3458 4210 3660 4287 VIII.

827 4324 1452 4400 Exercitationibus
1493 4325 1752 4401 clinicis
1774 4386 1795 4415 ,
1842 4324 1917 4400 in
1953 4325 2367 4401 Nosocomio
2417 4326 2809 4402 academico
2845 4327 3184 4403 habendis
3204 4386 3225 4415 ‚

922 4445 1191 4520 vacabit
1239 4444 1547 4543 quotidie
1565 4504 1613 4537 ,‚
1655 4503 1671 4520 .
1750 4502 3214 4522 .....................
3527 4448 3660 4527 ΙΧ.

580 4544 589 4553 ’
692 4568 699 4577 ’
827 4562 1235 4637 Doctrinam
1282 4562 1758 4661 operationum
1796 4564 2061 4653 tradet,
2111 4571 2183 4638 et
2219 4562 2732 4663 operationibus
2768 4565 3179 4641 obstetriciis
3203 4625 3223 4656 ,

923 4688 1077 4756 tum
1104 4682 1178 4756 in
1207 4681 1390 4781 pelvi
1411 4682 1675 4759 factitia
1690 4742 1712 4773 ‚
1741 4691 1896 4760 tum
1925 4685 1999 4759 in
2026 4684 2351 4761 cadavere
2378 4682 2825 4760 instituendis
2843 4744 2865 4775 ‚
2889 4685 3224 4786 praeerit,

924 4800 1035 4875 die
1082 4802 1414 4879 Mercurii
1431 4862 1451 4893 ,
1520 4862 1537 4881 .
1607 4861 3217 4885 .......................
3595 4808 3656 4880 I.
