4766 6034
1021 612 1106 681 18
2056 618 2128 686 Τ.
2189 616 2268 684 G.
2331 619 2387 684 J.
2448 615 3016 685 JUYNBOLL

1018 822 1256 897 Deum
1321 845 1598 897 oramus
1617 880 1637 911 ‚
1715 827 1798 895 ut
1857 827 1930 894 te
2004 845 2130 922 per
2195 823 2479 923 longam
2550 846 2892 899 annorum
2958 822 3205 898 seriem
3270 823 3406 922 ipsi
3468 828 3729 912 servet,
3792 829 4052 924 tuaque

1019 940 1303 1016 consilia
1316 1000 1335 1030 ,
1411 965 1586 1040 quae
1659 965 1821 1016 cum
1893 941 2196 1042 collegis
2215 1001 2235 1031 ‚
2305 940 2493 1017 Viris
2552 941 3023 1043 Amplissimis
3044 1001 3065 1030 ,
3132 942 3207 1015 in
3268 943 3685 1018 Academiae
3756 944 4053 1020 salutem

1017 1061 1210 1135 ineas
1233 1117 1253 1150 ,
1301 1060 1534 1136 fausta
1579 1067 1651 1135 et
1697 1083 2023 1160 prospera
2067 1062 2334 1137 reddat.
3147 1052 3157 1065 ’

1105 1165 1479 1255 'Summam
1539 1179 1936 1255 felicitatem
2001 1187 2074 1255 et
2138 1187 2222 1256 tu
2275 1180 2626 1281 experiare
2645 1237 2665 1269 ,
2727 1181 2855 1254 Vir
2910 1181 3358 1281 Amplissime
3420 1206 3571 1255 van
3628 1205 3778 1257 nna
3840 1181 4053 1257 Ham

1019 1321 1167 1372 van
1215 1299 1758 1374 Durvnnnrn!
1825 1299 1902 1373 in
1969 1300 2332 1398 splendido
2386 1301 2682 1374 Munere
2740 1301 3043 1399 gerendo
3064 1359 3085 1388 ‚
3134 1325 3275 1398 quo
3322 1302 3577 1376 iterum
3618 1309 3690 1376 te
3733 1311 4055 1377 ornatum

1017 1418 1228 1494 vides.
1331 1415 1540 1497 Quid
1587 1419 1662 1494 in
1723 1419 2129 1516 gravissima
2179 1419 2389 1494 hacce
2442 1427 2515 1494 et
2565 1419 3047 1493 florentissima
3101 1418 3460 1494 Provincia
3508 1421 4055 1496 administranda

1015 1537 1254 1635 cupias
1279 1596 1300 1625 ‚
1371 1539 1641 1612 Munus
1701 1538 2082 1637 suscipiens
2102 1595 2122 1627 ,
2188 1538 2465 1637 publice
2508 1564 2587 1614 ac
2632 1539 2882 1613 diserte
2933 1538 3084 1636 ipse
3128 1538 3550 1636 significasti.
3650 1541 3847 1615 Haec
3897 1549 4057 1615 vota

1013 1657 1282 1730 utinam
1352 1657 1758 1756 expleantur
1775 1713 1795 1743 ,
1860 1665 1933 1731 et
1994 1659 2162 1733 haec
2224 1659 2665 1733 Praefectura
2728 1682 2936 1733 causa
2999 1656 3131 1731 tibi
3190 1658 3478 1731 exsistat
3496 1715 3516 1745 ,
3584 1664 3667 1733 ut
3722 1683 3831 1733 res
3883 1659 4055 1732 item

1011 1776 1222 1875 hujus
1268 1776 1688 1851 Academiae
1707 1833 1726 1863 ,
1777 1801 1952 1875 quas
2017 1779 2305 1851 Cur-ator
2340 1800 2614 1852 summo
2648 1799 2811 1849 cum
2854 1769 3086 1849 studio
3122 1797 3394 1874 semper
3428 1775 3579 1874 agis
3595 1834 3615 1864 ,
3648 1777 4059 1851 Provinciae

1009 1897 1424 1992 Praefectus
1489 1896 1746 1995 magna
1816 1897 2026 1972 etiam
2097 1922 2258 1972 cum
2314 1894 2613 1970 efficacia
2637 1953 2659 1984 ,
2721 1902 2805 1968 ιιι
2854 1902 3056 1994 optas
3074 1951 3095 1983 ,
3144 1894 3309 1970 data
3348 1895 3864 1995 opportunitate
3906 1895 4053 1969 vin·

1011 2015 1198 2090 dices
1247 2023 1319 2089 et
1366 2040 1785 2113 promoveas.
3126 2073 3133 2084 .

1109 2133 1450 2208 Ordinem
1525 2142 1830 2210 vestrum
1853 2194 1872 2221 ,
1937 2135 2261 2234 Collegae
2329 2133 2911 2234 conjunctissimi!
2980 2134 3199 2209 oculis
3273 2135 3699 2234 perlustrans
3715 2193 3735 2224 ‚
3804 2133 4057 2208 Virum

1014 2251 1484 2328 desideramus
1509 2312 1528 2342 ,
1601 2254 1790 2348 (ΠΛΡ
1855 2255 2178 2329 Vnamn
2198 2313 2219 2344 ‚
2285 2256 2410 2354 qui
2429 2313 2450 2342 ‚
2520 2261 2601 2328 ιιι
2658 2253 2891 2328 omnia
2913 2311 2934 2340 ‚
2994 2278 3177 2352 quae
3228 2255 3367 2352 ipsi
3424 2254 3738 2329 facienda
3783 2253 4053 2328 incum-

1009 2373 1192 2447 bunt
1211 2431 1230 2461 ,
1298 2375 1640 2473 praeclare
1710 2375 1896 2473 agit,
1964 2375 2065 2449 ita
2129 2379 2309 2450 Acta
2369 2375 2667 2451 Senatds
2736 2373 2944 2448 hocce
3018 2397 3201 2448 anno
3254 2397 3468 2472 quam
3526 2373 4054 2472 diligentissime

1011 2491 1296 2568 curavit.
1397 2493 1640 2567 Nostis
1703 2492 2027 2568 morbum
2042 2551 2062 2582 ,
2131 2495 2255 2592 qui
2320 2519 2484 2569 eum
2544 2492 2867 2594 prohibet
2881 2550 2902 2581 ‚
2970 2492 3345 2590 quominus
3386 2489 3505 2567 hic
3552 2492 3753 2567 adsit.
3853 2492 4057 2566 Faxit

1007 2611 1203 2686 Deus
1219 2670 1240 2699 ,
1322 2618 1405 2686 ut
1474 2610 1668 2686 brevi
1735 2637 2016 2711 prorsus
2081 2614 2550 2702 convalescat,
2620 2621 2833 2712 atque
2900 2612 3353 2688 Academiam
3416 2621 3489 2687 et
3559 2610 4015 2709 Disciplinam
4034 2669 4055 2698 ‚
4204 2665 4211 2672 -

1009 2755 1224 2826 quam
1270 2731 1635 2830 profitetur
1657 2788 1677 2818 ,
1729 2732 1852 2806 diu
1901 2757 2142 2808 ornare
2188 2735 2469 2833 pergat!

1105 2849 1454 2924 Gravibus
1493 2849 1834 2927 clarorum
1877 2848 2204 2927 Virorum
2238 2851 2555 2932 cladibus
2601 2852 2837 2928 Patria
2874 2877 3058 2926 anno
3097 2849 3559 2950 praeterlapso
3592 2848 3761 2926 alibi
3802 2835 4085 2924 afflicta'

1009 2975 1118 3043 est
1173 2971 1296 3061 ³⁷).
1395 2969 1484 3043 In
1549 2969 1658 3045 his
1677 3028 1698 3059 ‚
1764 2995 1939 3070 quas
2009 2971 2308 3071 graviter
2367 2972 2718 3062 dolemus,
2778 2972 2982 3048 nobis
3028 2979 3264 3046 tamen
3320 2968 3687 3069 multiplex
3736 2991 3901 3045 sane
3946 2976 4055 3043 est

929 3170 934 3173 ,
1008 3089 1312 3165 laetandi
1370 3086 1599 3164 causa.
1701 3090 1999 3165 Nullum
2049 3092 2237 3167 enim
2293 3116 2381 3167 ex
2440 3080 2643 3169 nobis
2656 3152 2677 3181 ,
2741 3092 2894 3166 Viri
2944 3091 3339 3166 clarissimi!
3409 3096 3630 3163 morte
3686 3089 4057 3189 abreptum

1011 3208 1336 3309 lugemus
1352 3265 1373 3298 ,
1440 3208 1779 3285 Ordinem
1847 3218 2086 3285 contra
2131 3210 2447 3284 videmus
2496 3210 2723 3284 tribus
2768 3208 2985 3285 Sociis
3030 3216 3335 3283 auctum.
3446 3209 3534 3282 In
3580 3231 3851 3282 summo
3900 3206 4056 3305 qui-

1012 3329 1170 3404 dem
1235 3329 1418 3403 vitae
1441 3310 1451 3319 ’
1471 3330 1865 3403 discrimine
1911 3331 2100 3404 hisce
2141 3323 2391 3403 diebus
2439 3329 2839 3403 versabatur
2884 3326 3392 3403 celeberrimus
3438 3327 4055 3413 anwaunrtvs,

1015 3447 1140 3522 sed
1187 3446 1326 3521 huc
1362 3470 1586 3547 usque
1605 3505 1625 3536 ‚
1677 3449 1869 3545 quod
1907 3448 2107 3523 valde
2142 3447 2533 3545 gaudemus
2548 3504 2568 3535 ‚
2616 3447 2793 3521 vires
2826 3448 3021 3521 Deus
3057 3446 3524 3535 confirmavit,
3574 3469 3749 3543 quas
3787 3445 4057 3521 utinam

1016 3565 1090 3640 ὁι
1151 3564 1354 3640 nobis
1374 3622 1395 3653 ‚
1462 3565 1534 3639 et
1595 3566 1920 3641 omnibus
1937 3624 1957 3654 ‚
2024 3565 2283 3664 quibus
2345 3574 2453 3639 est
2506 3565 2902 3641 carissimus
2918 3624 2939 3654 ‚
3000 3566 3125 3641 diu
3176 3568 3559 3642 confirmet.
3658 3566 3768 3639 Ac
3806 3563 4057 3662 reliqui

1017 3687 1458 3761 Rudedouati
1517 3709 1660 3760 non
1703 3686 1916 3760 modo
1961 3708 2202 3761 omnes
2255 3692 2421 3759 sunt
2470 3686 2873 3783 superstites
2888 3744 2911 3775 ,
2960 3685 3084 3761 sed
3124 3686 3200 3761 in
3252 3685 3397 3763 suis
3446 3683 3847 3785 Disciplinis
3890 3708 4051 3782 ope·

1020 3826 1172 3879 ram
1235 3804 1562 3879 collocare
1581 3863 1601 3894 ‚
1651 3812 1724 3879 et
1768 3814 2111 3904 quantum
2155 3829 2388 3905 rerum
2432 3805 2734 3879 conditio
2782 3806 2985 3894 sinit,
3032 3805 3449 3881 Academiae
3505 3802 3829 3880 Alumnis
3874 3803 4055 3877 bene

1025 3924 1382 3999 consulere
1423 3932 1744 4023 pergunt.
1845 3926 1952 3999 Ac
1990 3949 2112 3999 vos
2147 3926 2233 4000 cl.
2257 3926 2655 4013 Trnnnm,
2682 3932 2753 3999 et
2772 3949 2921 4000 van
2940 3926 3287 4001 Humani
3325 3925 3423 4000 ita
3460 3924 3745 4024 insuper
3771 3922 4011 3998 valetis
4030 3980 4051 4009 ,

1022 4052 1106 4119 ut
1145 4044 1332 4119 hunc
1359 4042 1616 4119 festum
1643 4044 1829 4119 diem
1855 4046 2065 4120 etiam
2090 4068 2330 4119 rursus
2357 4044 2715 4121 celebretis
2739 4046 3123 4121 nobiscum.
3221 4045 3385 4118 Non
3412 4068 3591 4143 opus
3618 4052 3759 4131 est,
3791 4049 3871 4116 ut
3894 4048 4053 4115 vota

1021 4171 1184 4240 ante
1237 4188 1325 4237 ex
1379 4162 1509 4238 hoc
1570 4163 1719 4245 loco
1767 4189 1970 4265 saepe
2009 4165 2155 4265 jam
2198 4172 2600 4263 nuncupata
2617 4223 2638 4252 ‚
2686 4172 2994 4265 repetam
3015 4222 3035 4252 ,
3085 4188 3265 4263 quae
3312 4164 3371 4237 si
3410 4164 3773 4261 explentur
3790 4220 3810 4250 ,
3858 4162 4049 4235 futu-

1021 4286 1181 4359 rum
1219 4291 1361 4371 est,
1410 4292 1494 4357 ut
1532 4307 1654 4357 vos
1698 4308 1860 4359 cum
1899 4285 2224 4361 omnibus
2269 4284 2751 4360 Rudedonatis
2790 4307 2916 4383 per
2956 4284 3215 4358 multos
3260 4306 3478 4358 annos
3510 4281 3723 4381 hujus
3767 4280 4051 4356 Ordinis

1021 4404 1234 4479 decus
1281 4402 1432 4477 sitis
1479 4410 1552 4477 et
1593 4392 2095 4480 ornamentum.

1121 4524 1212 4597 In
1275 4519 1524 4597 horum
1589 4546 1958 4599 numerum
2005 4523 2099 4598 ob
2149 4529 2453 4599 aetatem
2500 4518 3097 4620 septuagenariam
3138 4542 3325 4595 nunc
3374 4520 3585 4595 etiam
3636 4520 3894 4595 relatus
3942 4526 4051 4593 est

1021 4642 1490 4717 Scnmnms
1545 4651 1798 4720 noster.
1897 4646 2145 4720 Otium
2201 4654 2364 4743 post
2424 4641 2643 4729 vitam
2704 4640 2777 4715 in
2842 4646 3174 4739 perpetuo
3242 4640 3633 4715 Litai-arum
3688 4637 3921 4713 studio
3978 4637 4053 4711 et

1017 4762 1134 4840 hic
1192 4763 1262 4839 ἐι
1315 4765 1390 4840 in
1455 4765 1832 4843 Academia
1879 4763 2334 4843 Gandavensi
2390 4770 2810 4839 mnsactam
2853 4760 3102 4836 merito
3146 4761 3391 4837 datum
3407 4817 3429 4852 ,
3488 4758 3555 4833 ei
3596 4758 4047 4858 gratulamur.
