4766 6034
1772 599 2327 696 onirro.
2731 707 2752 722 ⁸
3435 635 3562 704 183

532 842 827 914 conatus
868 834 1125 912 frustra
1158 832 1453 922 fuerint,
1502 831 1677 908 nihil
1708 835 1881 910 mihi
1920 842 2271 936 superest,
2322 860 2534 935 quam
2573 842 2654 910 ut
2697 861 2783 912 ex
2820 838 2950 914 hoc
2988 839 3138 916 loco
3173 840 3240 915 ei
3277 839 3522 918 iterem
3539 902 3560 932 ‚

534 981 719 1057 quae
782 955 1106 1057 privatim
1170 979 1257 1029 ex
1328 953 1627 1028 Senatus
1686 955 2015 1030 mandato
2078 956 2381 1055 expressi
2401 1011 2422 1044 ‚
2488 956 2716 1031 dolere
2777 982 2940 1033 eum
3003 983 3143 1034 non
3204 984 3417 1036 unam
3471 961 3562 1036 ob

530 1101 821 1153 causam
892 1077 1043 1151 eius
1116 1075 1495 1150 discessum
1513 1130 1534 1163 ,
1608 1097 1879 1173 sperare
1934 1081 2167 1150 autem
2228 1075 2464 1174 ipsum
2533 1071 2771 1175 optato
2833 1103 2997 1154 cum
3039 1079 3378 1179 dignitate
3422 1082 3564 1156 otio

532 1221 749 1296 quam
805 1195 1197 1271 diutissime
1252 1219 1403 1270 esse
1452 1193 1849 1268 fruiturum.
1949 1195 2010 1268 E
2062 1218 2203 1293 quo
2258 1195 2430 1293 quin
2478 1197 2790 1296 egregios
2842 1198 3109 1273 fructus
3159 1207 3564 1299 perceptura

530 1317 673 1390 sint
734 1316 959 1415 patria
1017 1322 1092 1389 et
1156 1313 1389 1388 studia
1444 1312 1519 1388 in
1584 1311 1841 1412 quibus
1900 1314 2113 1390 vitam
2172 1315 2357 1412 agit,
2423 1338 2627 1389 nemo
2692 1316 2970 1393 dubitat
3027 1319 3149 1416 qui
3220 1343 3384 1394 eum
3448 1345 3560 1395 co·

532 1435 827 1534 gnosoit.
928 1434 1015 1508 Ei
1084 1440 1321 1509 autem
1388 1426 1797 1532 persuasum
1862 1433 1994 1521 sit,
2058 1457 2187 1508 nos
2238 1457 2492 1508 nomen
2553 1436 2704 1510 eius
2755 1437 3108 1536 animique
3147 1438 3562 1514 modestiam

532 1560 747 1653 atque
802 1552 1285 1630 liberalitatem
1340 1552 1417 1626 in
1464 1551 1915 1628 Academiam
1959 1559 2170 1650 atque
2216 1553 2466 1628 urbem
2509 1556 2750 1630 eodem
2801 1581 3071 1657 semper
3117 1558 3372 1633 honore
3421 1585 3561 1659 quo

538 1674 985 1749 Rovsasmu
1050 1697 1201 1747 esse
1259 1679 1764 1774 prosecuturos.
1864 1673 2227 1772 Integrum
2294 1680 2532 1747 manet
2594 1676 2945 1751 vinculum
3015 1678 3356 1754 amicitiae
3422 1704 3564 1780 quo

536 1817 699 1868 cum
752 1817 835 1868 eo
880 1792 1232 1868 coniuncti
1278 1791 1595 1866 viximus.
2272 1880 2288 1892 ο

630 1913 958 2012 Denique
1028 1936 1168 1986 non
1230 1911 1487 1986 laetum
1550 1911 1837 1990 Senatui
1896 1910 2313 1987 Academico
2373 1912 2662 2002 accidit,
2729 1915 3094 2014 collegium
3151 1917 3342 2015 quod
3390 1943 3560 2017 quo-

538 2035 771 2109 tannis
840 2033 929 2108 de
1010 2033 1225 2106 totius
1297 2030 1597 2130 regionis
1658 2029 2147 2130 Groninganae
2208 2037 2399 2106 statu
2449 2031 2540 2104 ad
2595 2031 2746 2106 eius
2795 2033 3095 2109 Ordines
3141 2034 3385 2125 refert,
3436 2036 3566 2110 hoc

534 2153 767 2230 denuo
806 2177 991 2228 anno
1035 2151 1147 2227 ius
1195 2149 1331 2225 sibi
1376 2150 1705 2225 sumsisse
1726 2208 1747 2238 ,
1794 2157 1979 2224 certe
2017 2149 2092 2224 iu
2136 2149 2452 2224 futurum
2492 2152 2938 2226 reservavisse
2979 2153 3314 2228 iudicium
3361 2179 3568 2230 suum

535 2272 1035 2373 pronuntiandi
1106 2271 1194 2354 de
1258 2268 1680 2369 grav-issimis
1744 2269 2139 2369 quibusque
2194 2269 2718 2367 quaestionibus
2784 2295 2962 2368 quae
3023 2271 3166 2345 sive
3217 2273 3309 2347 ad
3359 2273 3568 2347 huius

536 2391 1027 2466 Universitatis
1098 2389 1238 2463 sive
1304 2388 1397 2470 ad
1466 2389 1781 2462 omnium
1824 2389 1899 2462 in
1948 2389 2169 2488 patria
2220 2395 2456 2478 nostra
2507 2389 3054 2467 Universitatum
3099 2391 3563 2467 conditionem

536 2513 883 2588 internam
947 2510 1089 2584 sive
1148 2509 1321 2582 adeo
1378 2506 1470 2582 ad
1528 2507 1863 2606 optimam
1916 2532 2031 2582 eas
2084 2507 2503 2583 emendandi
2551 2509 2887 2584 rationem
2937 2510 3304 2609 pertinent.
3404 2511 3564 2586 Hoc

532 2632 724 2707 enim
748 2689 769 2720 ,
852 2638 933 2704 ut
999 2630 1076 2703 in
1140 2627 1391 2726 vulgus
1452 2634 1697 2702 notum
1762 2633 1907 2714 est,
1976 2626 2217 2701 multis
2263 2649 2413 2702 rem
2469 2628 2885 2704 mirantibus
2903 2688 2923 2718 ,
2983 2631 3324 2730 superiori
3383 2655 3564 2708 anno

532 2753 811 2830 fecerat.
915 2752 1169 2848 Itaque
1210 2749 1466 2823 Rector
1510 2754 1583 2823 et
1626 2747 1925 2823 Senatus
1964 2754 2386 2823 censuerunt
2403 2806 2424 2836 ,
2474 2772 2592 2822 eos
2639 2747 2712 2822 in
2757 2749 2962 2848 culpa
3009 2773 3160 2824 esse
3198 2750 3321 2851 qu'i
3355 2751 3566 2826 rebus

532 2897 683 2948 sese
757 2871 1229 2946 immiscerent
1295 2867 1471 2942 nihil
1538 2869 1631 2942 ad
1700 2892 1775 2942 se
1848 2867 2356 2966 pertinentibus
2411 2867 2672 2966 quique
2730 2893 2878 2942 sese
2926 2868 3441 2970 interponerent
3489 2870 3564 2944 in

534 3017 618 3067 ea
680 2991 961 3093 negotia
1022 3014 1200 3091 quae
1262 2986 1481 3089 Regis
1539 2986 2044 3088 Angustissimi
2094 2997 2305 3088 atque
2354 2989 2766 3063 Curatorum
2793 3048 2814 3079 ,
2876 2986 3176 3065 virorum
3223 2991 3562 3091 amplissi-

532 3137 809 3189 morum
832 3171 851 3202 ,
918 3109 1387 3212 providentiae
1456 3108 1659 3184 unice
1724 3118 1956 3183 essent
2016 3106 2275 3183 relicta.
2374 3108 2593 3181 Omni
2669 3108 2744 3181 in
2815 3107 3167 3207 republica
3216 3134 3360 3185 rem
3411 3135 3559 3185 esse

532 3232 703 3307 mali
751 3230 1087 3330 exempli,
1146 3228 1207 3303 si
1250 3252 1389 3301 non
1438 3228 1719 3325 quaevis
1763 3236 2067 3326 potestas
2116 3252 2265 3303 sese
2308 3251 2587 3327 prorsus
2632 3226 2812 3301 inter
2851 3228 3072 3303 iustos
3095 3228 3365 3328 imperii
3386 3231 3560 3305 fines

532 3352 923 3427 contineat:
974 3348 1331 3451 principiis
1365 3346 1479 3421 hic
1516 3370 1665 3423 esse
1706 3346 2127 3422 obstandum
2146 3405 2167 3435 ,
2218 3370 2369 3421 sero
2409 3344 2598 3419 enim
2639 3343 2822 3419 malo
2855 3344 3270 3420 medicinam
3298 3348 3557 3445 parari:

526 3471 821 3546 omnino
885 3469 1088 3545 licere
1155 3466 1315 3541 viris
1378 3466 1880 3541 honestissimis
1933 3467 2158 3565 deque
2206 3466 2356 3565 agri
2414 3463 2844 3563 Groningani
2887 3464 3266 3539 commodis
3315 3467 3559 3541 sollici-

532 3590 802 3664 tissime
870 3612 1105 3664 curam
1180 3584 1552 3686 agentibus
1624 3592 1953 3684 tanquam
2020 3584 2305 3684 privatis
2368 3582 2768 3658 hominibus
2787 3642 2806 3671 ,
2885 3582 2972 3657 de
3040 3584 3418 3661 Academia
3491 3596 3562 3661 et

534 3708 1038 3810 professoribus
1108 3713 1181 3780 et
1242 3705 1507 3805 optima
1566 3704 1979 3780 instituendi
2034 3704 2215 3779 cives
2281 3702 2734 3779 Academicos
2805 3702 2914 3776 vel
2975 3701 3336 3779 honoraria
3381 3705 3562 3781 inter

531 3829 831 3929 collegas
885 3826 1229 3928 partiendi
1287 3824 1551 3899 ratione
1568 3883 1589 3913 ,
1662 3823 1941 3925 linguae
2010 3817 2311 3923 denique
2387 3821 2677 3897 Latinae
2750 3845 2958 3897 usum
3021 3822 3094 3896 in
3165 3824 3561 3900 Academiis

534 3948 861 4023 abolendi
926 3945 1333 4021 necessitate
1393 3942 1818 4019 similibusve
1854 3943 2173 4043 'negotiis
2231 3942 2465 4041 prouti
2520 3943 2608 4015 de
2655 3941 2938 4041 reliquis
2979 3942 3307 4017 omnibus
3352 3942 3560 4017 rebus

528 4067 743 4143 sacris
803 4074 1015 4165 atque
1068 4063 1373 4163 profanis
1426 4062 1639 4139 libere
1698 4062 1997 4163 opinari,
2063 4064 2293 4162 loqui,
2346 4061 2758 4137 sententiam
2804 4061 3006 4135 edere
3024 4117 3044 4149 ,
3093 4060 3370 4161 publice
3417 4064 3554 4162 pri-

528 4187 747 4263 vatim
764 4245 785 4275 ‚
846 4210 1077 4259 veram
1126 4184 1370 4259 falsam
1392 4240 1413 4272 ,
1472 4184 1730 4257 iustam
1792 4180 2103 4279 iniquam
2125 4237 2146 4269 ,
2211 4186 2446 4278 aptam
2509 4176 2872 4252 ridiculam
2893 4236 2912 4265 ,
2979 4178 3103 4253 sed
3167 4179 3553 4279 Groninga-

528 4330 707 4382 num
764 4305 943 4381 illud
990 4303 1307 4403 inprimis
1350 4302 1717 4402 collegium
1764 4325 1847 4376 eo
1882 4298 2293 4402 prudentius
2334 4295 2748 4397 cautiusque
2791 4296 2865 4371 in
2907 4304 3056 4371 toto
3103 4296 3232 4372 hoc
3277 4300 3554 4397 negotio

526 4425 903 4527 procedere
964 4422 1287 4498 debuisse
1350 4446 1491 4521 quo
1556 4420 1781 4521 magis
1850 4419 2177 4495 omnibus
2233 4423 2578 4493 constaret
2623 4417 2884 4492 nemim·
2929 4404 3168 4489 eorum
3212 4416 3510 4491 virorum
3531 4477 3550 4506 ,

526 4546 619 4620 de
666 4567 967 4643 quorum
1014 4548 1361 4619 caeterum
1405 4540 1729 4618 laudibus
1773 4546 1985 4639 atque
2028 4537 2404 4613 virtutibus
2451 4534 2774 4635 equidem
2843 4533 3014 4608 nihil
3077 4534 3282 4610 velim
3331 4538 3554 4612 detra-

528 4671 728 4739 ctum
749 4721 770 4754 ‚
820 4663 1327 4739 institutionem
1362 4662 1714 4738 liberalem
1744 4661 2007 4737 nedum
2028 4658 2518 4736 Academicam
2553 4652 2942 4753 contigisse.
2992 4654 3240 4753 Itaque
3259 4656 3554 4733 Senatus

528 4782 931 4880 praevenire
995 4782 1245 4859 similia
1298 4782 1611 4874 studuit,
1676 4780 1953 4857 duabus
2014 4778 2321 4881 epistolis
2374 4802 2516 4855 non
2576 4776 2668 4855 ad
2729 4775 2996 4873 Regem
3010 4832 3032 4866 ,
3091 4776 3290 4853 cuius
3347 4802 3556 4854 causa
