4766 6034
963 627 1050 690 64
1927 620 2312 686 SERIES
2381 619 3039 687 LECTIONUM.

967 833 1070 906 M.
1126 853 1222 903 DE
1272 827 1502 902 Vama
1553 824 1938 901 Historiam
1991 825 2264 901 Patriae
2313 828 2579 916 tradet,
2648 827 2761 902 die
2832 827 3201 916 Mercurii,
3256 884 3273 903 .
3327 885 3345 902 .
3392 823 3418 901 ’.
3474 886 3490 902 .
3549 886 3565 900 .

1354 956 1426 1020 et
1478 946 1727 1020 diebus
1773 945 1959 1020 Iovis
2008 953 2080 1020 et
2128 946 2419 1020 Veneris
2438 1003 3555 1035 ................

1157 1065 1505 1164 Linguam
1545 1063 1954 1163 Literasque
1992 1063 2250 1164 patrias
2286 1065 2703 1164 explicabit,
2757 1065 3005 1141 diebus
3046 1065 3331 1154 Lunae,
3372 1066 3561 1140 Mar-

1254 1186 1345 1258 tis
1395 1191 1465 1259 et
1514 1184 1844 1259 Mercurii
1860 1241 3549 1272 ........................

1156 1305 1502 1380 Exercitia
1550 1303 1844 1378 oratoria
1891 1304 2403 1394 moderabitur,
2455 1307 2569 1380 die
2617 1308 2861 1381 Lunae
2880 1362 3559 1396 ..........

1155 1425 1493 1499 Fabulam
1518 1483 1538 1512 ,
1602 1426 1909 1523 Fer-quat
1969 1428 2138 1500 ende
2211 1427 2499 1501 Galiene
2562 1427 2819 1502 dictam
2842 1485 2863 1516 ,
2926 1451 2969 1501 a
3030 1425 3148 1501 CL·
3181 1425 3559 1499 V1sscnna

1260 1545 1518 1620 editam
1541 1603 1561 1631 ,
1614 1544 2182 1643 interpretabitur
2200 1605 2220 1634 ,
2267 1545 2382 1619 die
2427 1547 2667 1622 Lunae
2686 1600 3553 1634 .............

1354 1673 1424 1738 et
1473 1664 1584 1738 die
1633 1664 1820 1738 Iovis
1840 1722 1861 1754 ,
1934 1720 3557 1742 .......................

1157 1786 1422 1858 Selecta
1464 1784 1788 1858 Hoor'm
1831 1784 2136 1860 carmina
2178 1786 2778 1885 interpretabitur,
2828 1787 2943 1860 die
2990 1785 3276 1872 MartiS,
3316 1843 3331 1858 .
3390 1843 3404 1857 .
3462 1842 3477 1857 .
3536 1843 3551 1856 .

1156 1906 1503 2004 Linguam
1557 1903 1926 1978 Gothicam
1973 1905 2236 1995 tradet,
2282 1906 2395 1980 die
2443 1907 2726 1982 Saturni
2742 1956 3560 1996 ............

1156 2026 1340 2098 Cum
1382 2024 1772 2098 Literarum
1815 2024 2322 2101 Sanscritarum
2357 2027 2691 2102 studiosis
2724 2034 2886 2127 aget
2909 2026 2998 2100 de
3024 2026 3323 2125 Linguis
3349 2023 3556 2097 Indo-

1260 2143 1688 2219 Germanicis
1739 2151 1988 2220 mutua
2039 2146 2547 2245 comparatione
2594 2145 3019 2247 explicandis
3038 2204 3058 2235 ,
3117 2146 3229 2218 die
3276 2143 3519 2218 Lunae
3538 2199 3559 2228 ,

2252 2376 2486 2383 ——-
2499 2375 2711 2383 ,ι’-*α

957 2507 1038 2581 Ρ.
1088 2507 1174 2579 Ο.
1221 2529 1369 2579 νΑΝ
1421 2529 1572 2580 nna
1622 2504 1882 2592 enus,
1946 2505 2151 2579 titulo
2196 2505 2609 2581 Professoris
2650 2507 3195 2584 Extraordinarii
3234 2511 3517 2581 ornatus
3538 2563 3558 2591 ,

1058 2624 1641 2700 Numismaticam
1711 2624 2167 2700 universalem
2233 2625 2548 2716 docebit,
2623 2627 2872 2703 diebus
2936 2638 3008 2704 et
3076 2626 3261 2703 horis
3283 2685 3304 2717 ,
3378 2649 3557 2725 quae

1047 2744 1490 2818 auditoribus
1539 2745 1967 2820 convenient.

961 2869 1019 2940 Ι.
1075 2867 1160 2939 A.
1213 2866 1668 2954 BoooAARn,
1735 2865 1929 2941 Med.
1978 2866 2181 2940 Doct.
2208 2924 2228 2953 ,
2299 2866 2697 2957 Prosector,
2750 2869 3199 2944 Anatomiam
3243 2865 3555 2968 patholo·

1055 2985 1282 3085 gicam
1331 2984 1645 3075 docebit,
1698 2985 1810 3059 die
1857 2984 2150 3059 Veneris
2169 3044 3555 3075 ....................

1151 3108 1597 3181 Anatomiam
1704 3107 2092 3205 generalem
2118 3164 2138 3194 ,
2257 3107 2963 3185 demonstrationibus
3056 3106 3559 3206 microseopicis

1250 3227 1662 3303 illustratam
1687 3285 1708 3315 ,
1760 3235 2098 3325 exponet,
2149 3227 2262 3301 die
2303 3229 2491 3303 Iovis
2512 3284 3557 3317 ...............

1151 3348 1515 3422 Exercitiis
1560 3346 1878 3445 practicis
1924 3347 1996 3433 in
2046 3347 2485 3445 Microscopii
2536 3375 2670 3424 usu
2720 3350 3061 3449 praeerit,
3128 3350 3315 3424 horis
3356 3346 3553 3423 audi-

1249 3466 1516 3540 toribus
1563 3465 1966 3541 commodis.

959 3589 1038 3661 C.
1100 3589 1187 3660 A.
1259 3586 1350 3660 X.
1421 3587 1508 3658 G.
1576 3586 1656 3660 F.
1720 3586 2123 3673 swanum,
2186 3586 2577 3663 Literarum
2636 3590 3205 3671 Germanicarum
3266 3589 3555 3675 Lector,

1058 3706 1307 3779 selecta
1352 3704 1746 3803 principum
1789 3705 2159 3779 Poetarum
2203 3707 2753 3804 germanicorum
2786 3709 3093 3785 carmina
3126 3709 3561 3805 interpretari

1057 3832 1338 3923 paratus
1399 3830 1506 3897 est
1529 3882 1549 3911 ,
1619 3824 1828 3898 simul
1889 3825 1963 3899 id
2035 3831 2314 3899 acturus
2337 3884 2356 3913 ,
2423 3833 2506 3900 ut
2572 3827 2681 3903 his
2749 3828 2918 3927 ipsis
2979 3828 3311 3927 exemplis
3376 3826 3559 3901 varia

901 3954 906 3959 ’
1051 3946 1348 4019 Poe‘seos
1395 3967 1650 4041 genera
1701 3944 1997 4042 explicet
2041 3936 2519 4025 auditoribus:

1153 4063 1230 4137 Si
1297 4064 1421 4162 qui
1478 4063 1659 4153 sint,
1725 4064 1847 4163 qui
1889 4064 2204 4165 Linguae
2254 4066 2705 4143 Germanicae
2746 4068 2979 4142 minus
3023 4068 3263 4165 periti,
3307 4070 3552 4141 Gram-

1245 4182 1570 4258 maticam
1620 4183 1848 4259 doceri
1895 4184 2228 4283 cupiunt,
2277 4186 2389 4260 his
2429 4210 2708 4286 quoque
2750 4185 3229 4261 lubentissime
3260 4185 3549 4260 vacabit.

957 4544 1037 4619 C.
1086 4545 1174 4617 G.
1221 4542 1574 4616 Loxxnas
1593 4600 1612 4629 ,
1657 4503 2118 4618 Academicus
2163 4542 2356 4616 Artis
2394 4540 2839 4641 gladiatoriae
2884 4544 3260 4643 Magister,
3308 4548 3552 4639 aptum

1055 4672 1124 4736 et
1173 4661 1558 4761 elegantem
1607 4660 1826 4761 gladii
1873 4686 2076 4753 usum
2129 4662 2441 4762 quotidie
2490 4660 2783 4740 docebit.

3666 827 3833 900 hora
3920 827 3957 899 I
3982 884 4007 912 ,

3898 945 4003 1018 ΙΙ.

3900 1183 4003 1256 ΙΙ.

3934 1300 4003 1374 1.

3898 2981 4005 3054 11.

3900 3222 4005 3295 II.
