4766 6034
1247 614 1395 684 186·
1528 649 1535 660 ·
1634 663 1639 670 -
2086 613 2155 684 G.
2224 612 2501 682 STAR
2567 611 2941 682 Numan
3008 611 3448 684 ORATIO.

1144 807 1151 812 ⁸
1245 829 1599 900 momento
1668 821 2022 900 turbatam
2103 819 2319 896 fuisse
2335 878 2359 911 ,
2452 819 2638 898 salva
2713 827 2928 922 atque
2997 820 3273 923 integra
3351 821 3737 898 edictorum
3823 821 4242 924 Raptorisque

1242 943 1605 1046 Magnifici
1634 943 2063 1040 auctoritate.
2135 943 2390 1018 Nonne
2426 940 2596 1017 haec
2632 966 2812 1041 quae
2852 966 3007 1018 vere
3049 942 3137 1016 de
3177 927 3540 1020 iuventute
3579 948 3820 1018 nostra
3862 941 4242 1019 Academica

1237 1065 1559 1166 praedico
1579 1121 1601 1156 ,
1666 1063 1761 1141 ad
1825 1062 2228 1166 praecipuas
2287 1060 2592 1137 laetandi
2637 1057 2892 1138 ‘causas
2937 1061 3378 1140 referendum
3419 1067 3528 1140 est
3543 1121 3566 1153 ‚
3627 1061 4046 1139 Auditoresl
4094 1087 4242 1162 quae

1237 1186 1427 1262 hunc
1474 1184 1667 1262 diem
1710 1207 1867 1261 vere
1914 1183 2177 1260 festum
2222 1179 2426 1257 nobis
2471 1179 2818 1258 reddant?

1333 1307 1447 1400 120
1490 1304 1821 1381 subsidiis
1866 1302 2095 1380 brevis
2128 1325 2263 1378 ero.
2362 1301 2618 1378 Musea
2636 1358 2657 1391 ,
2706 1301 2889 1380 horti
2911 1361 2932 1393 ‚
2972 1301 3392 1378 bibliotheca
3407 1359 3430 1392 ,
3476 1302 3955 1378 nosocomium
3972 1360 3993 1393 ‚
4038 1303 4236 1401 physi-

1234 1449 1472 1502 corum
1490 1483 1513 1514 ,
1600 1425 2063 1501 chemicorum
2082 1481 2105 1512 ,
2194 1419 2740 1521 chirurgicorum
2812 1430 2884 1500 et
2959 1421 3585 1524 physiologicorum
3649 1423 4234 1504 instrumentorum

1233 1551 1607 1644 apparatus
1656 1569 1933 1621 summa
1978 1540 2339 1642 diligentia
2382 1531 2782 1620 conservata
2826 1549 2994 1618 sunt
3035 1549 3248 1642 atque
3291 1565 3434 1640 pro⁴
3465 1541 3728 1618 viribus
3763 1549 3992 1617 aucta.
4065 1541 4237 1616 Anno

1232 1663 1567 1765 superiori
1614 1671 1828 1765 atque
1872 1663 1984 1738 his
2026 1661 2197 1762 ipsis
2240 1659 2492 1738 diebus
2529 1662 2922 1738 nosocomio
2959 1662 3221 1762 recepti
3259 1667 3428 1738 sunt
3456 1661 3664 1736 multi
3693 1661 4004 1738 cholerae
4029 1660 4238 1736 morbo

1230 1782 1485 1862 afflicti.
1585 1786 1675 1860 In
1730 1807 1939 1860 usum
1996 1780 2388 1858 scholarum
2439 1805 2620 1880 quae
2659 1781 2752 1858 de
2797 1782 3166 1882 histologia
3212 1783 3558 1860 habentur
3575 1841 3598 1872 ,
3661 1789 3934 1860 emtum
3971 1789 4078 1858 est
4117 1783 4234 1882 pal·

1230 1903 1539 1980 marium·
1597 1901 2106 1980 Oberhaeuseri
2173 1899 2724 2002 microscopium.
2839 1901 3322 2002 Physiologiae
3383 1903 3728 2002 professor
3789 1901 4086 1978 declarat
4141 1926 4238 2000 per

1228 2021 1663 2098 continuam·
1692 2024 2110 2100 curatorum
2154 2044 2397 2098 curam
2444 2021 2575 2098 hoc
2618 2044 2902 2122 quoque
2943 2045 3124 2100 auno
3161 2021 3264 2098 ita
3302 2030 3509 2100 aucta
3560 2047 3714 2098 esse
3753 2021 4064 2100 subsidia
4109 2022 4234 2120 qui·

1226 2139 1365 2216 bu‘s
1418 2139 1768 2241 indigeat,
1826 2147 1909 2216 ut
1947 2164 2114 2216 mox
2158 2141 2251 2216 ad
2296 2147 2558 2218 rectam
2599 2140 3113 2218 institutionem
3159 2141 3532 2222 suffectura
3579 2142 3740 2217 sint.
3839 2140 4234 2216 Bibliotheca

1227 2258 1529 2360 denique
1572 2283 1736 2338 cum
1772 2259 1927 2336 aliis
1974 2259 2177 2335 donis
2220 2259 2641 2362 locupletata
2685 2268 2830 2352 est,
2878 2261 3067 2338 inter
3121 2287 3302 2362 quae
3341 2263 3792 2340 inveniuntur
3843 2285 4026 2360 quae
4061 2260 4232 2336 colle·

1226 2403 1475 2478 garum
1554 2402 1834 2480 quoque
1895 2378 2450 2458 benevolentiam
2517 2388 2734 2482 atque
2792 2382 3342 2460 munificentiam
3408 2384 3583 2459 adeo
3656 2389 4040 2470 testantur,
4105 2387 4230 2454 tum

1225 2500 1613 2576 accessione
1652 2498 1990 2595 librorum
2038 2500 2163 2600 qui
2207 2524 2431 2601 quum
2480 2501 2650 2579 olim
2700 2502 2797 2579 ad
2825 2505 3182 2602 privatum
3231 2501 3576 2586 societatis
3615 2501 3848 2601 regiae
3883 2497 4228 2576 commodis

1227 2618 1691 2718 agriculturae
1748 2618 1827 2694 in
1886 2618 2017 2696 hac
2077 2621 2358 2719 regione
2408 2622 2892 2722 promovendis
2943 2646 3156 2700 usum
3213 2621 3542 2700 destinati
3590 2627 3858 2710 essent,
3907 2643 4089 2696 nunc
4122 2641 4228 2717 pu-

1228 2736 1395 2812 blici
1448 2761 1620 2820 usus
1660 2737 1828 2845 facti
1870 2744 2036 2814 sunt
2078 2739 2463 2839 eademque
2505 2749 2720 2843 atque
2767 2743 3017 2844 reliqui
3059 2742 3222 2820 libri
3271 2743 3448 2844 lege.
3547 2739 3743 2818 Talia
3788 2739 3992 2816 nobis
4039 2737 4226 2814 omni·

1224 2859 1363 2934 bus
1390 2859 1590 2936 valde
1622 2865 1787 2935 sunt
1809 2867 2130 2960 accepta·
2162 2861 2428 2937 nemini
2452 2869 2688 2939 autem
2715 2864 2940 2964 magis
2960 2887 3175 2964 quam
3198 2861 3367 2951 tibi,
3393 2859 3812 2938 amicissime
3831 2856 4226 2936 Euenum!

1223 2977 1349 3077 qui
1410 2976 1546 3055 hoo
1600 3001 1786 3056 anno
1852 2979 1945 3055 de
2007 2979 2428 3060 Academiae
2465 2981 2900 3061 Bibliotheca
2941 2983 3176 3061 denuo
3221 2981 3417 3113 haud
3471 3004 3614 3058 uno
3659 2978 3942 3057 nomine
3985 2977 4228 3079 egregie

1220 3098 1559 3176 meruisti.

1315 3218 1569 3317 Itaque
1624 3218 1919 3318 peractis
1978 3240 2159 3318 quae
2220 3219 2398 3299 mihi
2456 3222 2664 3299 hodie
2724 3222 3119 3324 peragenda
3183 3220 3600 3299 videbantur
3613 3280 3638 3311 ,
3715 3244 3954 3297 meum
4019 3226 4220 3293 tamen

1217 3337 1541 3415 Rectoris
1580 3360 1845 3415 munus
1886 3362 2027 3417 non
2064 3345 2225 3415 ante
2266 3340 2341 3417 in
2378 3366 2842 3437 successorem
2879 3342 3226 3421 conferam
3263 3365 3478 3439 quam
3515 3340 3806 3419 Senatui
3837 3334 4217 3415 Academico

1220 3458 1511 3555 eiusque
1572 3456 1911 3534 Actuario
1982 3457 2259 3559 publice
2322 3460 2582 3560 gratias
2651 3461 2934 3567 egerim
2976 3486 3100 3561 pro
3161 3458 3493 3560 praestita
3557 3459 3736 3535 mihi
3787 3454 4218 3537 humanitate,

1218 3575 1519 3666 auxilio,
1545 3577 1728 3653 fide
1777 3584 1987 3675 atque
2033 3577 2505 3679 indulgentia,
2553 3602 2852 3683 quorum
2899 3580 3393 3661 beneficiorum
3445 3578 3856 3655 memoriam
3905 3600 4034 3653 non
4075 3592 4217 3647 cum

1218 3694 1634 3793 magistratu
1706 3696 2071 3793 deponam.
2172 3700 2398 3775 Tanta
2453 3698 2644 3776 enim
2699 3699 2986 3775 fuerunt
3046 3706 3130 3774 ut
3181 3721 3360 3773 novo
3425 3697 3712 3773 Rectori
3771 3696 3946 3771 nihil
3983 3688 4216 3769 felicius

1218 3811 1617 3912 contingere
1684 3812 1861 3889 mihi
1929 3840 2131 3913 posse
2194 3816 2548 3906 videatur,
2616 3842 2830 3918 quam
2893 3816 2957 3893 si
3017 3817 3337 3893 eamdem
3394 3816 3789 3915 experiatur
3837 3813 4214 3912 collegarum

1215 3939 1427 4031 atque
1489 3931 1961 4010 studiosorum
2020 3934 2570 4013 benevolentiam
2624 3961 2837 4036 quam
2897 3936 3072 4013 mihi
3136 3934 3966 4035 praebuerunt.de
4025 3929 4214 4029 igitur

1214 4050 1378 4127 felix
1436 4051 1745 4137 faustum
1804 4052 2373 4154 fortunatumque
2429 4056 2522 4131 sit
2587 4055 3035 4133 Universitati
3089 4056 3580 4153 Groninganae
3598 4113 3621 4144 ,
3687 4056 3933 4131 Virum
3993 4048 4208 4125 Claris-

1214 4170 1475 4249 simum
1534 4172 1786 4249 Imuu
1846 4170 2175 4251 H1ssmx
2232 4174 2509 4263 Imsnn
2526 4232 2548 4264 ,
2604 4174 2684 4253 in
2735 4175 3096 4253 Facultate
3140 4174 3428 4252 Medica·
3464 4174 3926 4261 Professorem
3969 4166 4210 4247 ordina·

1209 4289 1394 4365 rium
1410 4346 1435 4378 ,
1504 4288 1657 4367 eius
1714 4290 2083 4367 Rectorem
2138 4290 2213 4365 in
2280 4314 2544 4367 annum
2605 4293 3002 4391 proximum
3042 4278 3378 4372 renuntio
3403 4319 3488 4371 ac
3525 4295 3896 4397 proclamo.
3993 4286 4168 4363 Salve
4185 4340 4206 4369 ‚

1208 4408 1337 4484 Vir
1403 4408 1807 4507 magnifice!
1878 4410 1995 4487 cui
2061 4410 2328 4511 primus
2390 4410 2580 4487 hunc
2627 4404 2978 4489 honorem
2997 4412 3328 4512 gratulor.
3431 4413 3593 4492 Tibi
3637 4421 3872 4489 autem
3887 4471 3910 4501 ,
3953 4403 4202 4485 sanctis·

1214 4528 1387 4604 sime
1432 4527 1665 4607 Deusl
1714 4554 1802 4609 ex
1852 4530 2053 4607 ouius
2090 4538 2275 4607 nutu
2307 4530 2544 4607 omnia
2590 4530 2936 4631 pendent,
2981 4531 3076 4611 ad
3111 4555 3324 4630 quem
3359 4533 3592 4611 omnia
3634 4530 3979 4611 referenda
4017 4530 4202 4607 sunt,

1214 4647 1693 4725 commendata
1738 4648 1833 4728 sit
1876 4658 2089 4749 atque
2136 4658 2417 4729 maneat
2459 4650 2534 4727 in
2580 4659 2996 4750 perpetuum
3041 4652 3456 4734 Academia!
