4766 6034
1145 619 1271 686 146
2294 618 2368 684 Β.
2437 639 2605 684 ‘rna
2670 617 3033 726 HARAR

1143 826 1332 901 dulci
1377 849 1518 900 non
1565 825 1788 900 solum
1829 823 2170 923 Haganae
2217 823 2579 899 Societatis
2616 825 2961 900 consortio
2982 883 3005 914 ,
3054 823 3181 899 sed
3210 827 3319 898 tot
3358 823 3515 899 aliis
3556 825 3965 902 nominibus
4006 827 4167 902 mihi

1105 948 1308 1023 ‘estis
1361 944 1944 1022 coniunctissimi!
2011 945 2134 1043 qui
2158 1003 2178 1032 ‚
2248 945 2438 1043 quali
2478 970 2643 1044 erga
2686 970 2801 1020 me
2847 945 2999 1020 sitis
3038 943 3315 1032 animo,
3384 943 3513 1020 hoc
3555 944 3713 1044 ipso
3756 946 3907 1035 die,
3958 955 4171 1022 vestra

1141 1068 1314 1142 mihi
1361 1066 1754 1166 gratissima
1799 1065 2188 1164 praesentia
2207 1123 2230 1153 ‚
2294 1065 2405 1139 hic
2455 1066 2685 1164 palam
2730 1065 3085 1140 testificari
3126 1063 3463 1140 voluistis.
3550 1066 3737 1156 Quot
3781 1075 4177 1166 quantaque
4204 1077 4222 1084 “

1139 1187 1706 1287 Praeceptoribus
1759 1186 1904 1260 iam
1945 1186 2220 1261 dudum
2269 1186 2617 1262 defunctis
2635 1246 2658 1276 ,
2723 1186 3105 1261 Voons‘no
3122 1243 3147 1274 ,
3212 1184 3613 1260 cunisam
3630 1245 3651 1274 ,
3714 1187 4017 1262 Panno
4062 1188 4179 1262 de·

1139 1309 1344 1383 beam
1361 1367 1382 1396 ,
1443 1317 1641 1407 grato
1708 1332 1872 1406 erga
1929 1307 2166 1381 Deum
2225 1307 2461 1382 animo
2520 1307 2749 1382 adhuc
2792 1305 3111 1381 recordor
3125 1339 3145 1394 ;
3197 1313 3411 1404 atque
3454 1304 3967 1381 obmutesceret
4012 1305 4179 1382 haec

1143 1455 1300 1505 mea
1365 1430 1606 1528 lingua
1679 1428 1962 1502 mallem
2026 1452 2240 1524 quam
2297 1435 2594 1514 taceret,
2656 1426 2833 1525 quid
2892 1425 3187 1500 debeam
3204 1483 3227 1512 ‚
3290 1425 3865 1525 Praeceptor-ibus
3926 1427 4177 1502 Aestu-

1139 1549 1544 1624 matissimis
1564 1608 1586 1637 ,
1637 1547 2037 1623 Clarissimo
2078 1547 2391 1636 K1s'rro,
2442 1571 2685 1646 quem,
2738 1545 3045 1620 extincto
3070 1546 3545 1619 Ronannsn
3578 1545 3885 1635 lumine,
3934 1547 4011 1620 in
4036 1569 4175 1622 ma-

1138 1694 1363 1768 gnum
1395 1669 1732 1744 Histoi-ici
1768 1667 1986 1742 studii
2019 1667 2523 1742 incrementum
2544 1725 2567 1754 ‚
2604 1668 2731 1742 diu
2776 1665 3218 1767 superstitem
3258 1664 3405 1739 fore
3454 1691 3597 1740 non
3640 1674 3923 1752 tantum
3964 1666 4176 1742 Laida

1139 1799 1462 1889 precatur
1481 1849 1502 1877 ,
1551 1788 1676 1863 sed
1714 1796 1786 1862 et
1839 1787 2010 1862 haec
2057 1787 2437 1862 Academia
2472 1786 2857 1862 Traiectina
2871 1844 2892 1875 ,
2942 1809 3123 1883 quae
3172 1791 3245 1859 et
3282 1785 3485 1860 illum
3530 1793 3604 1860 et
3650 1787 4175 1863 Scnomnmms

1140 1910 1460 1983 alumnos
1513 1908 1840 1982 habuisse
1885 1908 2254 2007 gloriatur;
2307 1914 2378 1982 et
2434 1907 2567 1982 tibi
2627 1932 2840 2006 quam
2890 1905 3193 1980 maxime
3210 1963 3231 1994 ,
3276 1905 3741 1980 celeberrime
3788 1907 4171 1982 Hunom!

1141 2029 1266 2126 qui
1331 2037 1404 2102 te
1443 2028 1615 2100 mihi
1636 2087 1657 2115 ,
1719 2027 1956 2101 iuveni
1997 2035 2068 2101 et
2119 2028 2260 2102 viro
2279 2085 2300 2115 ‚
2349 2027 2424 2100 in
2470 2025 2813 2125 prosperis
2860 2032 3072 2124 atque
3114 2025 3421 2102 adversis
3464 2026 3769 2101 amicum
3820 2026 4172 2126 integerri-

1139 2173 1338 2223 mum
1359 2207 1378 2236 ‚
1445 2148 1661 2246 patris
1720 2148 1938 2222 instar
1992 2147 2356 2222 colendum
2377 2206 2399 2234 ,
2464 2155 2537 2222 et
2592 2155 2737 2222 tam
2786 2146 3011 2220 fidum
3076 2146 3465 2221 studiorum
3522 2147 3775 2222 ducem
3826 2147 4171 2247 probasti,

1143 2276 1228 2342 ut
1275 2267 1618 2366 quidquid
1662 2266 1930 2341 iuvenis
1975 2267 2378 2367 profecerim
2400 2325 2419 2355 ‚
2466 2267 2545 2340 id
2598 2266 2825 2364 magis
2878 2273 3083 2340 tuum
3136 2290 3349 2363 quam
3392 2291 3631 2341 meum
3674 2289 3825 2340 esse
3868 2265 4169 2342 arbitret

1136 2389 1394 2463 Favere
1433 2388 1606 2461 mihi
1639 2387 1943 2486 pergite,
1987 2388 2258 2487 Optimi
2301 2387 2450 2461 viri.
2520 2387 2869 2486 Equidem
2887 2444 2910 2473 ,
2960 2396 3305 2483 quantum
3338 2396 3633 2486 potero,·
3660 2411 3747 2462 eo
3778 2387 4172 2474 intendam,

1136 2517 1220 2582 ut
1283 2533 1396 2582 me
1457 2516 1528 2582 et
1593 2507 1666 2581 in
1735 2515 2090 2605 posterum
2154 2507 2348 2582 vobis
2414 2505 2893 2582 commendem
2915 2564 2938 2593 ‚
3004 2513 3215 2603 atque
3282 2505 3471 2580 idem
3534 2506 3711 2582 illud
3730 2565 3752 2596 ,
3816 2507 4013 2606 quod
4054 2532 4175 2582 nos

1136 2627 1369 2724 iungit
1410 2625 1752 2699 amicitiae
1794 2626 2148 2700 vinculum
2168 2684 2191 2713 ‚
2225 2625 2476 2724 iungat
2512 2635 2583 2700 et
2612 2635 2981 2724 utramque
3010 2624 3435 2700 academiam
3460 2625 3817 2724 Lugduno
3840 2629 4175 2702 Batavam

1134 2755 1206 2819 et
1253 2744 2016 2820 Rheno-Traiectinam.

1236 2865 1546 2940 Tandem
1589 2863 1680 2938 ad
1721 2887 1842 2938 vos
1880 2864 2050 2938 haec
2089 2888 2248 2940 mea
2279 2866 2497 2939 oratio
2542 2889 2615 2940 se
2658 2865 3035 2953 convertit,
3086 2865 3387 2940 Iuvenes
3426 2865 3871 2940 Ornatissimi
3888 2924 3909 2955 ,
3974 2856 4177 2940 Prae-

1138 2985 1585 3076 stantissimil
1654 3010 1830 3084 quos
1891 2983 2086 3060 brevi
2135 2985 2485 3061 auditores
2542 2993 2617 3059 et
2660 2984 3161 3061 commilitones
3204 2993 3537 3060 nacturus
3578 3010 3761 3063 sum.
3826 3028 3927 3043 -
3982 2986 4175 3065 Quo-

1135 3108 1551 3206 tiescunque
1607 3106 2138 3182 lectissimorum
2193 3107 2527 3181 iuvenum
2576 3130 2897 3181 coronam
2916 3164 2941 3193 ‚
3006 3107 3080 3179 in
3133 3106 3285 3204 ipso
3326 3106 3581 3181 aetatis
3618 3106 3787 3181 flore
3804 3163 3827 3194 ,
3874 3104 4177 3204 corporis

1130 3229 1364 3328 vigore
1384 3288 1408 3316 ,
1473 3227 1730 3303 mentis
1801 3227 2098 3302 sanitate
2115 3286 2138 3316 ,
2201 3226 2467 3327 ingenii
2531 3225 2815 3301 dotibus
2880 3224 3325 3323 conspicuam
3374 3226 3651 3305 intueor
3666 3286 3689 3315 ‚
3756 3198 4179 3324 nesciffiluo

1135 3347 1536 3423 dulcissimo
1603 3348 1904 3423 laetitiae
1973 3372 2184 3422 sensu
2247 3346 2523 3421 animus
2570 3345 2863 3421 afficitur
2910 3355 2983 3419 et
3028 3345 3489 3445 perfunditur.
3589 3346 3806 3421 Redit
3852 3345 4061 3419 toties
4106 3352 4179 3419 et

1137 3468 1316 3541 mihi
1372 3468 1560 3541 illius
1615 3467 2102 3543 iucundissimi
2163 3468 2497 3566 temporis
2557 3466 2974 3554 recordatio,
3053 3466 3245 3565 quod
3304 3490 3469 3541 cum
3528 3466 3771 3540 amieis
3841 3465 3917 3539 in
3993 3465 4173 3539 Aca-

1140 3586 1369 3659 demia
1439 3585 1602 3683 degi
1619 3643 1638 3673 ,
1711 3610 1854 3683 quo
1923 3587 2240 3662 iuvenilis
2313 3588 2589 3663 animus
2609 3645 2631 3674 ,
2724 3586 2972 3684 spretis
3046 3586 3419 3684 voluptatis
3485 3583 3825 3661 illecebris
3844 3643 3867 3673 ‚
3936 3584 4176 3683 pulcra

1141 3704 1424 3800 quaevis
1467 3712 1540 3777 et
1583 3704 1909 3780 sublimia
1958 3707 2262 3805 appetit,
2312 3732 2455 3806 quo
2492 3707 2915 3782 Litterarum
2946 3716 3019 3781 et
3044 3706 3343 3781 Posseos
3384 3729 3577 3780 amor
3622 3703 3961 3804 primulos
4010 3728 4177 3779 suos

1137 3822 1397 3896 emittit
1457 3822 1681 3897 flores.
1779 3824 1974 3913 Quae
2035 3825 2425 3901 recordanti
2472 3827 2647 3901 mihi
2687 3827 2839 3925 ipsa
2879 3827 3207 3901 iuventus
3252 3850 3417 3900 cum
3459 3826 3747 3900 iuvenili
3789 3824 4025 3923 vigore
4065 3849 4175 3899 re-

1137 3942 1285 4017 dire
1332 3941 1628 4031 videtur,
1683 3943 1884 4041 quasi
1930 3943 2006 4017 in
2061 3951 2366 4019 vestrum
2416 3946 2811 4021 sodalitium
2857 3946 3113 4019 iterum
3160 3945 3466 4020 adscitus
3480 4003 3503 4033 ‚
3572 3951 3959 4019 vestrorum
4024 3952 4173 4019 stu-

1133 4062 1410 4137 diorum
1465 4086 1742 4137 consors
1798 4070 1872 4137 et
1929 4063 2156 4139 socius
2198 4087 2489 4140 vocarer.
2590 4066 2684 4139 Et
2730 4064 2979 4165 quidni
3026 4071 3409 4139 vestrorum
3456 4063 3847 4139 studiorum
3890 4088 4175 4139 consors

1133 4192 1206 4256 et
1263 4182 1488 4256 socius
1551 4181 1814 4257 dicerer
1830 4241 1851 4272 ,
1911 4183 2036 4282 qui
2054 4241 2075 4272 ,
2143 4208 2282 4283 quo
2336 4186 2555 4259 serius
2606 4186 2696 4260 ad
2747 4186 2925 4261 hanc
2978 4184 3376 4259 cathedram
3418 4184 3675 4259 accessi
3692 4242 3713 4274 ,
3780 4208 3863 4259 eo
3915 4184 4173 4260 melius

1133 4302 1446 4401 intelligo
1509 4309 1583 4376 et
1658 4304 2004 4401 persentio
2023 4362 2044 4391 ‚
2113 4303 2338 4378 multa
2356 4363 2379 4393 ,
2448 4330 2568 4379 vos
2636 4306 2947 4381 docendo
2964 4364 2985 4395 ,
3046 4303 3221 4379 mihi
3278 4328 3427 4387 esse
3476 4303 3839 4393 discenda,
3906 4312 3991 4377 ut
4036 4304 4174 4379 h'oe

1131 4448 1290 4498 meo
1348 4447 1634 4498 munere
1682 4424 1784 4497 ita
1834 4424 2088 4523 fungar
2102 4482 2122 4511 ‚
2169 4432 2254 4498 ut
2297 4432 2521 4499 vestra
2539 4484 2559 4513 ‚
2608 4424 2955 4501 Ecclesiae
3010 4432 3082 4499 et
3120 4424 3393 4498 Patriae
3438 4424 3626 4499 salus
3642 4482 3663 4513 ‚
3714 4422 4173 4522 Theologicae

1132 4542 1532 4641 disciplinae
1582 4542 1887 4643 dignitas
1935 4553 2008 4618 et
2051 4543 2262 4619 huius
2305 4552 2580 4619 nostrae
2617 4545 3035 4623 Academiae
3077 4544 3297 4619 honos
3347 4552 3417 4617 et
3460 4543 3646 4619 fama
3690 4568 3733 4618 a
3776 4567 3890 4618 me
3922 4550 4171 4641 postu-

1133 4661 1301 4735 lant.
1401 4662 1642 4737 Huius
1697 4671 1972 4737 nostrae
2037 4662 2456 4738 Academiae
2516 4664 2842 4763 inquam3
2906 4689 3071 4739 nam
3136 4670 3505 4763 postquam
3528 4722 3548 4753 ,
3602 4663 3839 4739 relicta
3889 4662 4175 4741 civitate

1134 4779 1358 4877 patria
1377 4838 1396 4869 ,
1445 4781 1670 4881 ruptis
1711 4789 1815 4856 tot
1863 4782 2206 4859 amicitiae
2259 4790 2330 4857 et
2373 4783 2909 4883 propinquitatis
2956 4783 3247 4861 vinculis
3264 4841 3287 4871 ,
3342 4784 3655 4884 deposito
3702 4780 4175 4859 sacratissimo
