4766 6034
1141 641 1228 708 40
2208 645 2276 708 r.
2357 643 2438 713 c..
2520 601 3112 714 uulnera

1141 848 1390 938 tomia,
1444 875 1653 950 quam
1701 850 1970 950 primus
2014 851 2118 926 vir
2165 852 2607 930 doctissimus
2646 857 2925 930 Musa
2972 855 3357 956 Herbopoli
3396 856 3471 932 in
3506 865 3727 934 artem
3769 859 4173 939 introduxit.

1137 973 1408 1046 Novam
1459 997 1502 1048 a
1562 967 2050 1048 Sraonnrzao
2105 974 2567 1074 excogitatam
2633 975 2973 1052 rationem
3033 983 3433 1054 curvaturas
3488 980 4008 1058 extremitatum
4054 1007 4171 1058 cu·

1074 1123 1076 1126 ’
1135 1092 1334 1166 randi
1382 1092 1685 1168 maximo
1731 1093 1865 1167 arti
1909 1092 2333 1194 chirurgicae
2379 1095 2596 1172 fuisse
2639 1097 3105 1172 emolumento
3146 1123 3227 1174 ac
3271 1099 3605 1198 plurimos
3646 1100 4172 1200 pulcherrimos-

1136 1236 1275 1312 que
1320 1213 1484 1288 inde
1517 1283 1526 1290 ,
1536 1221 1894 1314 perceptos
1947 1238 2097 1289 esse
2141 1214 2409 1291 fructus
2457 1242 2667 1317 supra
2707 1217 3359 1295 demonstravimus.
3464 1221 3563 1295 At
3607 1220 3769 1297 licet
3802 1222 4195 1298 Louna--

1134 1358 1248 1408 1111
1265 1393 1285 1422 ‚
1346 1333 1908 1409 Lancnmincxn
1946 1335 2121 1412 ratio
2167 1337 2467 1412 curvatis
2521 1337 2813 1414 artubus
2854 1339 3147 1416 formam
3206 1363 3405 1414 suam
3466 1340 3878 1416 restituendi
3930 1340 4170 1416 multis

1131 1455 1268 1528 iam
1311 1455 1586 1530 casibus
1630 1461 1908 1555 operam
1953 1455 2226 1531 tulisset
2269 1457 2787 1534 saluberrimam
2812 1519 2832 1548 ‚
2888 1466 3291 1559 supererant
3331 1460 3734 1536 huiusmodi
3774 1461 3975 1551 vitia,
4015 1461 4165 1561 qui-

1131 1575 1270 1649 bus
1316 1575 1738 1676 corrigendis
1791 1575 2142 1651 incassum
2193 1577 2653 1677 peritissimus
2694 1588 2765 1653 et
2796 1567 3271 1679 'gnavissimus
3328 1580 3625 1680 quisque
3670 1606 3949 1657 omnem
3999 1580 4164 1681 lapi-

1134 1694 1294 1771 dem
1362 1702 1736 1771 moverant.
1837 1696 1988 1771 Nec
2043 1695 2323 1796 opinato
2379 1700 2787 1774 osteotomia
2848 1700 2923 1774 in
2968 1707 3187 1788 artem
3232 1699 3691 1801 chirurgicam
3737 1701 4165 1788 introducta,

1131 1815 1219 1890 ab
1264 1817 1392 1891 hac
1431 1840 1710 1916 quoque
1747 1823 1942 1915 parte
1982 1817 2222 1892 laetior
2260 1817 2385 1893 lux
2420 1818 2752 1920 affulgere
2789 1830 2999 1919 atque
3038 1821 3151 1894 via
3182 1819 3455 1896 videtur
3496 1845 3645 1896 esse
3680 1828 3953 1921 reperta
3972 1880 3993 1910 ‚
4030 1845 4165 1920 qua

1129 1937 1220 2011 ad
1275 1938 1570 2013 salutem
1625 1962 1918 2038 pergere
1962 1938 2183 2013 liceat.
2284 1939 2487 2014 Nova
2539 1940 2823 2015 omnino
2866 1949 2973 2015 est
3016 1966 3129 2015 ars
3145 1999 3166 2029 ,
3218 1919 3344 2015 sed
3390 1948 3535 2016 tam
3592 1940 3881 2016 feliciter
3932 1965 4163 2016 recens

1126 2063 1292 2132 nata
1340 2057 1616 2132 casibus
1666 2059 1930 2157 aliquot
1981 2065 2086 2134 est
2131 2059 2445 2135 adhibita
2463 2120 2484 2149 ‚
2533 2068 2612 2136 ut
2654 2061 2939 2136 omnino
2987 2061 3203 2161 digna
3252 2061 3379 2150 sit,
3424 2062 3499 2136 in
3526 2039 3754 2161 ’quam
3781 2063 4165 2138 accuratius

1127 2177 1534 2274 inquiratur.
1627 2178 1936 2254 Ulterius
1984 2179 2170 2255 enim
2228 2204 2407 2255 nova
2462 2179 2569 2255 via
2624 2205 3028 2282 progressus
3076 2188 3183 2255 est
3242 2180 3773 2257 Lauunnnncx:
3856 2184 4163 2258 Marum

1126 2297 1384 2372 scilicet
1449 2297 1738 2397 vestigia
1811 2304 2091 2374 secutus
2155 2295 2657 2374 subcutaneam
2723 2300 3029 2375 instituit
3093 2300 3574 2376 osteotomiam
3640 2311 3713 2376 et
3789 2327 3971 2376 nova
4038 2301 4160 2378 hac

1122 2417 1385 2494 ratione
1448 2419 1864 2518 compluries
1928 2443 2093 2494 sane
2160 2443 2288 2493 nec
2354 2418 2609 2494 frustra
2664 2426 2773 2494 est
2818 2444 2987 2495 usus
3006 2479 3027 2508 ,
3089 2419 3166 2492 id
3220 2419 3411 2519 quod
3453 2446 3492 2494 e
3547 2445 3837 2496 casuum
3880 2419 4162 2495 historia

1123 2546 1406 2638 apparet
1446 2540 1841 2639 nuperrime
1876 2539 2138 2639 publici
2174 2538 2344 2612 iuris
2373 2539 2574 2614 facta.
2639 2539 2855 2614 Laeto
2892 2539 3197 2639 profecto
3240 2547 3312 2614 et
3346 2540 3717 2616 honorifico
3745 2541 4161 2618 documento

1123 2670 1287 2736 sunt
1357 2661 1690 2760 palmaria
1753 2661 2001 2736 haecce
2065 2659 2555 2760 celerrimeque
2606 2685 2826 2734 unum
2876 2661 3173 2734 alterum
3219 2660 3535 2736 insecuta
3595 2687 3774 2736 nova
3840 2662 4122 2737 inventa
4138 2719 4157 2750 ,

1120 2781 1545 2880 chirurgiam
1591 2788 1866 2856 nostrae
1913 2777 2158 2856 aetatis
2210 2786 2572 2879 tamquam
2620 2806 2659 2856 e
2694 2780 2906 2880 longo
2958 2787 3233 2854 veterno
3256 2779 3804 2881 expergefactam
3825 2839 3846 2869 ,
3898 2781 4158 2856 viribus

1119 2899 1392 2976 refectis
1410 2959 1431 2990 ,
1497 2900 1575 2973 id
1634 2925 1856 2975 unum
1925 2926 2202 2976 summa
2274 2902 2712 2976 contentione
2784 2908 3091 3002 spectare
3152 2907 3225 2974 et
3288 2909 3611 3000 appetere
3632 2960 3653 2990 ‚
3724 2907 3807 2976 ut
3880 2901 4123 2976 melior
4138 2959 4157 2988 ,

1116 3022 1382 3122 plenior
1401 3082 1420 3112 ‚
1470 3023 1559 3098 ab
1611 3022 1801 3098 omni
1847 3031 2042 3122 parte
2089 3023 2456 3099 emendata
2496 3031 2569 3097 et
2604 3030 2904 3098 correcta
2922 3081 2944 3113 ,
3000 3021 3209 3096 verbo
3229 3079 3250 3110 ,
3306 3028 3387 3095 ut
3414 3044 3694 3119 prorsus
3724 3021 3861 3097 alia
3884 3028 3955 3095 et
3985 3024 4157 3095 nova

1117 3168 1199 3217 ev
1242 3142 1384 3218 dat.

1199 3168 1360 3339 aSed
1406 3288 1808 3364 progressus
1826 3322 1847 3353 ,
1892 3288 2068 3363 quos
2113 3264 2563 3365 orthopaedia
2609 3262 2806 3354 fecit,
2852 3289 2993 3339 non
3048 3288 3131 3337 eo
3173 3268 3451 3338 tantum
3484 3270 3649 3338 sunt
3669 3261 4015 3338 referendi
4037 3284 4159 3336 nec

983 3410 990 3415 ·
1085 3383 1280 3458 'inde
1322 3385 1548 3460 solum
1593 3384 1992 3472 derivandi,
2058 3384 2250 3483 quod
2301 3385 2662 3460 arctiorem
2702 3409 2863 3459 cum
2908 3383 3214 3483 aciurgia
3255 3383 3652 3459 societatem
3702 3382 4017 3469 iniverit;
4071 3380 4157 3456 ab

1116 3503 1309 3578 omni
1380 3511 1574 3603 parte
1637 3503 1712 3576 in
1777 3528 1862 3576 ea
1925 3503 2327 3604 corrigenda
2386 3512 2492 3579 est
2556 3504 2983 3579 elaboratum
3006 3540 3042 3592 ,-
3098 3501 3289 3600 quod
3332 3526 3681 3599 nusquam
3734 3499 4155 3575 luculentius

1117 3631 1404 3724 apparet
1470 3647 1683 3721 quam
1740 3621 1816 3696 in
1879 3623 2244 3699 emendata
2305 3632 2827 3700 curvaturarum
2882 3623 3253 3721 spinalium
3320 3620 3650 3721 therapia.
3750 3620 3969 3695 Nulla
4016 3619 4154 3695 chi-

1116 3744 1392 3843 rurgiae
1427 3767 1586 3841 pars
1625 3750 1767 3817 tam
1809 3740 1935 3817 diu
1975 3750 2046 3817 et
2082 3751 2226 3820 tam
2269 3744 2469 3819 foede
2508 3745 2811 3820 iacuerat
2842 3744 3161 3843 neglecta
3180 3800 3199 3830 ‚
3252 3742 3325 3816 in
3369 3742 3563 3817 nulla
3605 3740 3912 3817 curanda
3962 3746 4154 3829 tanta

1113 3866 1338 3939 fuerat
1397 3862 1876 3962 chirurgorum
1935 3864 2184 3939 inertia
2231 3872 2302 3938 et
2347 3863 2805 3939 conniventia.
2906 3864 2995 3937 In
3052 3861 3265 3936 huius
3315 3863 3589 3962 generis
3632 3868 4149 3967 curvaturarum

1117 3983 1606 4084 pathogeniam
1657 3990 1782 4058 aut
1827 3984 2110 4059 omnino
2153 4009 2294 4061 non
2337 3992 2487 4060 erat
2529 3984 2979 4084 inquisitum,
3020 3989 3146 4057 aut
3192 3982 3263 4055 in
3307 3981 3634 4057 obsoletis
3658 4040 3677 4071 ,
3734 3980 4005 4055 mancis
4048 3977 4152 4051 vel

1117 4104 1306 4179 falsis
1353 4128 1469 4179 om
1477 4104 1642 4178 nino
1685 4104 2324 4180 ratiocinationibus
2369 4113 2443 4180 et
2482 4104 2765 4181 theoriis
2812 4101 3395 4203 acquiescebatur.

1211 4227 1364 4299 Iam
1408 4224 1624 4325 igitur
1643 4284 1662 4313 ‚
1707 4248 1930 4323 quum
1972 4250 2082 4299 ars
2130 4224 2529 4325 chirurgica
2561 4225 2691 4301 hac
2738 4232 2933 4324 parte
2961 4223 3070 4297 vix
3098 4221 3456 4323 praeberet
3484 4220 3676 4319 quod
3694 4244 3945 4320 operae
3970 4224 4147 4293 esset

1111 4346 1410 4443 pretium
1432 4403 1451 4432 ‚
1542 4368 1902 4443 quumque
1983 4369 2158 4420 vana
2237 4347 2613 4421 maximam
2680 4352 2944 4445 partem
3008 4341 3377 4439 inaniaque
3452 4347 3683 4415 essent
3753 4339 3891 4413 illis
3969 4336 4145 4411 vitiis

1113 4464 1439 4539 medendi
1488 4470 1811 4564 suscepta
1863 4464 2224 4541 conamina
2241 4524 2260 4554 ‚
2332 4466 2508 4563 quid
2562 4466 2819 4540 mirum
2863 4463 3053 4562 quod
3108 4461 3417 4561 plerique
3462 4458 3769 4559 chirurgi
3816 4457 4023 4531 inviti
4074 4480 4141 4529 se

1056 4634 1092 4659 ³
1113 4585 1556 4660 accinxerunt
1601 4584 1694 4659 ad
1742 4568 1969 4658 morbi
2015 4585 2413 4661 adeundam
2450 4585 2875 4660 curationem
2896 4642 2915 4672 ‚
2982 4582 3181 4657 cuius
3216 4590 3540 4657 naturam
3584 4604 3725 4654 non
3780 4600 4141 4678 perspexe-

1109 4713 1265 4778 rant
1335 4712 1404 4777 et
1485 4701 1572 4776 de
1640 4727 1781 4800 quo
1847 4702 2154 4779 sanando
2236 4703 2598 4801 desperare
2670 4709 3185 4777 consueverant.
3305 4702 3556 4800 Itaque
3622 4704 4140 4773 curvaturarum

1109 4824 1478 4923 spinalium
1557 4820 1868 4922 therapia
1929 4826 2423 4921 saepenumero
2484 4821 3119 4897 instrumentorum·
3146 4820 3689 4920 chirurgicorum
3734 4818 4137 4916 ligamento-
