4766 6034
1859 661 2415 734 ORATIQ
2664 679 2671 684 ·
3422 647 3437 662 ’
3572 667 3655 730 Π

623 877 916 952 Samni-³
933 934 954 964 ,
1017 875 1226 950 unius
1268 879 1424 947 tum
1463 893 1548 944 ex
1588 869 2004 947 Academiae
2056 871 2511 966 Curatoribus
2526 930 2547 960 ,
2592 871 2933 948 industria
2973 882 3044 946 et
3092 871 3447 972 vigilantia
3490 873 3652 948 effe·

619 1005 808 1072 ctum
862 1004 1004 1086 est,
1055 1001 1136 1069 ut
1178 1017 1356 1068 nova
1395 991 1530 1078 ista
1571 990 1646 1066 in
1705 991 2082 1069 Academia
2137 1003 2373 1069 nostra
2429 993 2712 1074 tandem
2769 993 3140 1093 aliquando
3190 1001 3657 1070 exstrueretur

620 1117 943 1194 cathedra
960 1151 979 1206 ;
1033 1116 1344 1191 eiusdem
1377 1113 1794 1188 LAunnmn
1841 1136 1990 1188 van
2024 1114 2314 1190 Samma
2357 1139 2565 1214 opera
2602 1113 2857 1189 factum
2900 1123 3041 1204 est,
3082 1123 3165 1190 ut
3208 1115 3652 1209 Sisennam·

620 1262 749 1313 κιο
795 1262 1054 1313 novum
1088 1243 1160 1311 et
1206 1233 1690 1322 honorificum,
1743 1233 1866 1308 sed
1901 1234 2090 1309 idem
2128 1235 2612 1342 diffi‘cillimum
2661 1258 2919 1308 munus
2956 1235 3331 1310 offerretur.
3405 1236 3652 1325 Quod,

621 1381 1044 1457 quamquam
1090 1355 1351 1454 incepti
1393 1352 1728 1454 gravitate
1779 1363 1849 1429 et
1892 1364 2245 1431 momento
2296 1357 2577 1456 penitus
2623 1356 3029 1455 perspectis,
3080 1381 3219 1430 non
3266 1357 3652 1432 detrectan-

619 1477 787 1552 dum
817 1503 966 1552 esse
995 1475 1372 1551 arbitratus
1399 1475 1512 1549 die
1539 1473 1862 1548 vicesimo
1887 1477 2090 1550 tertio
2115 1477 2374 1551 mensis
2399 1474 2825 1576 Septembris
2848 1477 3012 1550 anni
3042 1481 3229 1554 1797
3256 1477 3653 1576 auspicatus

621 1605 764 1686 est,
805 1597 1046 1672 habita
1091 1595 1382 1672 solemni
1421 1595 1726 1670 oratione
1769 1597 1853 1670 de
1895 1598 2312 1697 eloquentiae
2353 1597 2855 1672 Neerlandicae
2882 1599 3165 1694 publica
3211 1600 3653 1676 institutione.

711 1720 865 1793 Iam
910 1711 1124 1817 igitur
1169 1717 1350 1792 latus
1396 1716 1942 1791 Srnonnannxro
1994 1717 2282 1816 patebat
2320 1741 2609 1816 campus
2651 1717 2725 1790 in
2766 1743 2906 1815 quo
2954 1717 3129 1791 vires
3178 1727 3250 1791 et
3289 1718 3655 1817 ingenium

617 1845 994 1926 exerceret3
1072 1845 1302 1912 totum
1364 1837 1550 1911 enim
1622 1837 1708 1910 iis
1769 1836 2020 1911 studiis
2083 1861 2157 1910 se
2221 1836 2385 1911 dare
2445 1844 2715 1937 poterat
2773 1863 2951 1936 quae
3013 1837 3215 1912 unice
3280 1837 3614 1938 diligebat
3632 1899 3653 1929 ‚

617 1958 892 2057 pulcrae
961 1983 1004 2032 a
1065 1965 1315 2032 natura
1355 1963 1674 2056 acceptae
1720 1955 1972 2030 indolis
2014 1957 2426 2032 excolendae
2479 1957 3073 2057 opportunitatem
3118 1963 3363 2032 nactus
3411 1960 3657 2059 gratis-

617 2077 884 2153 simam.
963 2077 1214 2176 Neque
1255 2102 1500 2152 vanam
1549 2077 1927 2177 patriarum
1971 2077 2354 2153 litterarum
2395 2078 2699 2154 fautores
2743 2078 2831 2152 de
2871 2103 2953 2152 eo
2986 2078 3381 2177 concepisse
3421 2103 3614 2180 spem
3637 2139 3657 2170 ,

616 2198 757 2274 fore
801 2207 884 2272 ut
928 2197 1078 2272 eius
1127 2222 1335 2297 opera
1387 2198 1704 2297 Linguae
1745 2197 2240 2277 Neerlandicae
2298 2199 2611 2272 studium
2664 2205 3182 2296 promoveretur
3222 2208 3292 2272 et
3334 2200 3659 2274 iuventus

616 2319 1000 2395 litterarum
1044 2318 1661 2394 Neerlandicarum
1710 2342 1942 2393 amore
1999 2317 2429 2393 imbueretur
2448 2378 2467 2406 ,
2532 2319 2673 2395 iam
2728 2319 2964 2394 statim
3017 2318 3191 2393 adeo
3242 2319 3505 2395 factum
3556 2330 3663 2396 est

616 2439 1061 2514 manifestum
1083 2497 1103 2528 ,
1172 2447 1254 2513 ut
1313 2438 1732 2514 Academiae
1791 2440 2198 2528 Curatores,
2269 2439 2547 2516 duobus
2604 2439 2803 2514 annis
2850 2446 3011 2538 post
3056 2439 3309 2512 initum
3360 2464 3618 2516 munus
3638 2500 3659 2531 ,

534 2608 539 2613 ·
625 2561 1236 2635 Srneanannxmu
1265 2559 1718 2659 professorem
1755 2558 2186 2634 ordinarium
2231 2558 2708 2634 renuntiarent
2752 2583 2991 2634 earum
3027 2559 3411 2634 litterarum
3432 2619 3452 2648 ,
3510 2562 3664 2659 qui-

618 2679 752 2755 bus
823 2679 1214 2756 excolendis
1277 2689 1349 2755 et
1412 2679 1978 2755 commendandis
2041 2687 2187 2756 tam
2248 2679 2597 2780 insignem
2662 2704 2944 2780 operam
3014 2687 3353 2755 navasset.
3452 2681 3667 2759 Quod

617 2825 875 2876 munus
945 2799 1235 2876 solemni
1291 2800 1501 2876 modo
1568 2799 1968 2899 auspicatus
2017 2785 2398 2875 orationem
2460 2799 2709 2875 habuit
2766 2799 3225 2875 academicam
3277 2802 3360 2874 de
3412 2801 3661 2876 Pn‘rao

617 2921 959 2996 Hoor‘rro
1006 2921 1368 2996 Connnnn
1415 2943 1613 2994 nmo
1633 2977 1654 3006 ‚
1684 2924 1900 3019 poe’ta
1950 2928 2022 2994 et
2064 2944 2288 2994 rerum
2337 2923 2687 3019 scriptore.

711 3043 921 3117 Anno
987 3042 1178 3115 1802
1243 3040 1493 3116 accidit
1559 3062 1700 3139 quo
1761 3040 2308 3115 Srnonnnnnmo
2371 3041 2850 3141 opportunitas
2909 3050 3020 3115 est
3086 3042 3316 3118 oblata
3381 3044 3663 3117 demon-

623 3158 884 3237 strandi
903 3220 924 3249 ,
999 3160 1212 3235 latine
1281 3159 1627 3236 dicentem
1698 3185 1838 3236 non
1911 3160 2143 3235 minus
2213 3162 2746 3259 eloquentiane
2808 3162 3062 3262 pollere
3128 3185 3341 3260 quam
3402 3163 3667 3236 Batavo

619 3306 931 3355 sermone
980 3280 1521 3356 concionantem.
1621 3280 1792 3353 Post
1841 3280 2253 3355 diuturnum
2302 3282 2489 3356 enim
2535 3282 2699 3357 belli
2748 3283 3114 3381 strepitum
3170 3282 3549 3381 turbasque
3595 3289 3666 3355 et

620 3408 1064 3501 tempestates
1084 3457 1104 3488 ,
1163 3424 1342 3499 quae
1400 3398 1792 3475 universam
1834 3401 2186 3498 Europam
2223 3401 2670 3501 praecipitem
2724 3403 3093 3491 dederant,
3143 3403 3325 3477 inter
3368 3404 3664 3477 Franco-

621 3522 860 3595 Gallos
927 3529 1000 3595 et
1048 3518 1318 3619 Anglos
1369 3528 1778 3597 convenerat
1823 3520 1911 3595 de
1961 3546 2130 3620 pace
2173 3520 2490 3597 facienda
2508 3581 2527 3610 ,
2599 3548 2779 3622 quae
2842 3526 3053 3597 finem
3111 3524 3363 3597 faceret
3408 3522 3663 3597 discor-

627 3639 818 3729 diae,
893 3665 1073 3739 quae
1122 3648 1194 3714 et
1241 3647 1514 3714 nostrae
1560 3640 1827 3737 patriae
1873 3642 2176 3739 quietem
2200 3701 2219 3730 ‚
2282 3668 2495 3741 quam
2548 3642 3032 3718 desiderabant
3092 3667 3333 3717 omnes
3394 3653 3465 3717 et
3510 3669 3664 3719 ave-

618 3762 828 3849 bant,
897 3759 1184 3835 tandem
1253 3760 1626 3858 aliquando
1698 3760 2110 3835 restitueret.
2209 3762 2461 3861 Itaque
2516 3762 2706 3863 quod
2758 3767 2829 3835 et
2872 3769 3077 3836 antea
3124 3763 3274 3836 fieri
3314 3770 3461 3837 erat
3509 3764 3665 3838 soli-

623 3892 780 3957 tum
798 3940 818 3971 ,
879 3880 1462 3981 quotiescumque
1506 3880 1846 3955 acciderat
1892 3881 2080 3980 quod
2123 3881 2385 3980 patriae
2434 3882 2837 3957 iudicabant
2880 3881 3092 3958 fausti
3143 3880 3293 3957 es'se
3348 3882 3621 3983 augurii
3644 3942 3667 3971 ,

624 4003 1075 4077 decreverunt
1133 4003 1502 4079 Curatores
1569 4008 1650 4076 ut
1722 4002 2015 4077 solemni
2073 4004 2378 4078 oratione
2422 4004 2645 4079 laetus
2692 4004 2812 4078 ille
2860 4003 3111 4077 allatus
3158 4001 3451 4076 nuntius
3490 4004 3662 4080 cele-

621 4118 956 4196 braretur.
1059 4122 1283 4195 Cuius
1331 4120 1689 4195 habendae
1740 4120 2068 4196 orationis
2115 4121 2463 4219 provincia
2508 4124 3055 4197 Smonnannmo
3107 4129 3213 4196 est
3262 4122 3545 4197 tributa.

723 4239 1128 4315 Honorifico
1197 4241 1524 4315 mandato
1583 4240 1697 4315 ille
1759 4249 1866 4315 est
1916 4239 2284 4316 defunctus
2303 4298 2324 4331 ,
2395 4240 2631 4317 habita
2676 4242 2983 4318 oratione
3034 4244 3118 4316 de
3152 4267 3337 4340 pace
3391 4243 3666 4316 Ambia-

633 4362 826 4434 nenai
842 4418 864 4447 ‚
917 4383 1129 4459 quam
1180 4386 1402 4459 quum
1453 4385 1694 4435 omnes
1745 4371 1828 4435 ut
1889 4360 2066 4436 bene
2114 4361 2600 4461 eleganterque
2654 4362 2930 4437 dicendi
2982 4354 3333 4459 exemplar
3372 4359 3667 4435 admira·

626 4490 904 4569 rentur,
991 4488 1148 4553 tum
1234 4504 1488 4556 vanum
1565 4480 1779 4556 fuisse
1853 4481 2081 4580 patuit
2145 4505 2385 4557 eorum
2462 4487 2728 4556 metum
2751 4540 2770 4569 ,
2850 4481 2974 4580 qui
3044 4480 3242 4555 veriti
3310 4487 3505 4553 erant
3579 4506 3667 4555 ne

629 4599 871 4697 patriis
941 4599 1234 4675 excultis
1307 4600 1554 4675 litteris
1619 4626 1664 4675 a
1727 4600 2166 4677 classicarum
2234 4601 2621 4676 litterarum
2684 4601 2917 4677 studio
2984 4599 3439 4675 abalienarem
3449 4625 3530 4674 ur
3596 4608 3667 4675 et

629 4718 1042 4818 philologiae
1088 4721 1390 4795 Graecae
1445 4728 1516 4795 et
1557 4720 1914 4795 Romanae
1963 4745 2136 4797 suus
2181 4722 2401 4796 honor
2451 4728 2523 4796 et
2562 4720 2793 4797 cultus
2834 4720 3274 4795 adimeretur.
3376 4720 3665 4795 Curato-

631 4839 823 4913 ribus
891 4862 1114 4959 veron
1155 4863 1453 4937 quorum
1526 4838 1932 4915 auctoritate
1999 4842 2589 4918 Srnoznnnaxms
2656 4840 2863 4917 verba
2921 4840 3173 4917 fecerat
3193 4900 3214 4929 ,
3275 4841 3491 4918 oratio
3553 4842 3671 4931 illa

3144 4964 3187 5034 3
