4766 6034
1225 638 1352 706 102
1927 585 1933 593 ι
2430 638 2507 705 H.
2576 639 2646 704 E.
2718 638 3066 705 VINKE

1221 848 1452 947 plinae
1511 852 1672 921 tuae
1713 868 1990 943 operam
2033 844 2328 918 navandi
2349 904 2367 931 ,
2418 845 2489 919 et
2531 846 3013 919 Studiosorum
3056 844 3429 949 commoda·
3456 845 3892 943 provehendi.
3986 848 4073 925 Te
4109 850 4193 923 in·

1219 966 1480 1053 tuenti,
1541 964 1768 1039 Patris
1826 963 1928 1037 tui
1973 964 2205 1063 imago
2247 965 2575 1039 continue
2626 965 2799 1039 mihi
2844 975 3005 1039 ante
3054 964 3289 1042 oculos
3342 972 3649 1040 versatur
3667 1025 3686 1053 ,
3736 966 3853 1041 cui
3904 978 4195 1065 quantum

1218 1087 1504 1161 debeam
1531 1145 1550 1173 ,
1611 1085 1686 1157 in
1739 1084 2043 1158 oratione
2099 1108 2254 1159 mea
2317 1085 2709 1184 inaugurali
2770 1086 2999 1184 palam
3058 1092 3357 1161 testatus
3406 1110 3563 1159 sum
3616 1086 3772 1177 ι57).
3876 1088 4200 1169 Οοηεθηεῐ

1213 1208 1409 1281 Deus
1479 1206 1692 1280 vitam
1761 1212 1995 1291 tuam‘,
2069 1229 2250 1303 quae
2317 1209 2399 1277 ut
2460 1208 2533 1276 et
2600 1202 3002 1299 disciplinae
3062 1210 3225 1277 tuae
3247 1261 3266 1292 ,
3342 1201 3416 1277 et
3482 1203 3901 1280 Academiae
3968 1216 4197 1284 nostrae

1214 1351 1471 1425 magno
1522 1327 1612 1399 sit
1659 1326 2127 1399 emolumento
2177 1324 2437 1400 sincere
2487 1324 2577 1398 ab
2627 1324 2759 1398 Illo
2805 1331 3154 1422 optamus.

1313 1567 1453 1641 Sed
1518 1568 1736 1640 maior
1802 1567 2012 1641 etiam
2077 1564 2368 1641 felicitas
2429 1564 2722 1663 contigit
2786 1563 2952 1652 tibi,
3028 1563 3133 1638 Cl.
3194 1564 3757 1641 Gaonncwoun!
3812 1566 4059 1667 quippe
4100 1569 4200 1667 qui

1211 1712 1351 1761 non
1421 1712 1545 1787 per
1615 1687 1926 1787 quinque
1996 1696 2267 1763 tantum
2339 1685 2557 1760 lustra
2622 1706 2909 1757 munere
2970 1691 3097 1758 tuo
3158 1682 3442 1757 functus
3492 1684 3620 1771 sis,
3681 1686 3805 1759 scd
3850 1687 3943 1760 ad
3984 1688 4201 1762 calcem

1211 1833 1434 1907 usque
1456 1867 1475 1895 ,
1543 1834 1584 1881 a
1635 1808 1788 1907 lege
1839 1807 2134 1907 positam
2153 1865 2172 1895 ,
2225 1806 2527 1905 spatium
2578 1803 2955 1879 decurreris
2972 1862 2991 1891 ,
3040 1805 3319 1901 iamque
3373 1806 3943 1905 septuagenarius
3992 1806 4059 1881 et
4112 1808 4205 1881 de·

1211 1934 1399 2001 creto
1465 1927 1655 2026 regio
1723 1928 2090 2001 honorifice
2157 1925 2487 2001 dimissus
2555 1924 2685 2013 sis,
2760 1924 2831 2001 et
2892 1925 3043 1999 iure
3096 1934 3221 1998 tuo
3270 1924 3564 1998 docendi
3610 1950 3871 2001 munus
3921 1927 4205 2027 deponas.

1208 2048 1523 2121 Functus
1588 2054 1819 2121 autem
1897 2073 1978 2121 eo
2045 2073 2119 2121 es
2185 2046 2591 2145 diligenter,
2660 2052 2972 2134 strenue,
3023 2044 3361 2145 religiose.
3461 2046 3648 2120 Ante
3695 2046 3933 2121 oculos
3980 2070 4211 2145 semper

1209 2167 1516 2242 habuisti
1576 2168 1786 2241 finem
1808 2226 1828 2255 ,
1892 2168 2007 2241 cui
2059 2166 2386 2241 destinati
2431 2172 2663 2240 essent
2712 2164 3073 2264 discipuli,
3138 2172 3298 2239 tuae
3340 2189 3545 2241 curae
3596 2167 3985 2255 commissi;
4032 2190 4209 2265 quam

1206 2288 1297 2363 ob
1346 2313 1626 2363 causam
1673 2288 1773 2363 ita
1820 2312 1937 2363 eos
1983 2288 2344 2363 instituere
2400 2286 2773 2375 studuisti,
2826 2294 2943 2375 ut,
2993 2284 3327 2365 adhibitis
3371 2285 3525 2360 aliis
3565 2285 3880 2361 dialectis
3926 2288 4203 2361 Orienta-

1204 2410 1388 2484 libus
1409 2470 1428 2499 ,
1490 2409 1849 2485 Hebraeas
1913 2408 2318 2508 praesertim
2381 2407 2647 2483 litteras
2695 2414 2767 2482 et
2814 2405 3301 2504 antiquitatem
3354 2406 3721 2496 callerent,
3768 2406 3859 2483 V.
3913 2408 3991 2481 F.
4032 2409 4211 2482 libros

1201 2529 1379 2604 bene
1450 2528 1952 2627 intelligerent,
2020 2528 2442 2627 eademque,
2513 2553 2653 2627 qua
2716 2528 2867 2626 ipse
2934 2526 3185 2625 plenus
3240 2552 3353 2615 ee,
3418 2527 3593 2615 fide,
3656 2528 3915 2602 divinis
3956 2528 4211 2603 oraculis

1199 2649 1521 2723 habenda
1543 2708 1560 2736 ‚
1629 2647 2144 2737 imbuerentur,
2210 2650 2358 2723 sine
2422 2673 2564 2748 qua
2616 2674 2707 2722 ss.
2758 2647 3131 2721 Antistites
3186 2646 3397 2720 verba
3442 2646 3665 2721 facere
3704 2672 3793 2722 ex
3836 2656 4101 2747 pectore
4138 2647 4210 2720 ad

1199 2768 1538 2867 populum
1592 2767 2066 2843 Christianum
2117 2793 2258 2843 non
2309 2768 2597 2867 possint.
2702 2766 3143 2841 Conscientia
3192 2765 3373 2839 bene
3424 2774 3625 2841 actae
3663 2766 3845 2841 vitae
3897 2768 4213 2867 gaudens,

1200 2888 1343 2961 otio
1404 2896 1526 2962 tuo
1592 2888 2075 2963 honestissimo
2131 2890 2311 2964 laeto
2373 2880 2602 2963 fruare
2666 2886 2899 2962 animo
2920 2945 2940 2974 ,
3009 2886 3241 2985 sitque
3303 2886 3435 2960 tibi
3497 2884 3735 2961 Codex
3804 2886 3961 2978 ille,
4037 2912 4215 2987 quem

1067 3029 1073 3036 ’
1196 3006 1446 3082 diurna
1501 3016 1977 3109 nocturnaque
2028 3014 2264 3085 'manu
2329 3035 2596 3098 versas,
2647 3015 2800 3082 tum
2852 3006 2927 3081 in
2979 3007 3285 3106 reliquae
3336 3007 3517 3082 vitae
3556 3014 3919 3108 tempore,
3968 3016 4113 3083 tum
4156 3007 4213 3079 in

1193 3127 1344 3227 ipsa
1391 3136 1612 3203 morte
1662 3129 1817 3203 fons
1866 3130 2349 3204 consolationis
2401 3129 2781 3229 gaudiique
2832 3128 3251 3203 uberrimus.

1285 3250 1632 3338 Novistis,
1671 3235 1882 3324 'AA.!
1938 3275 2148 3350 quam
2195 3249 2634 3327 vehementer
2672 3273 2912 3324 rursus
2948 3257 3255 3324 nostram
3298 3250 3549 3324 urserit
3592 3250 3945 3326 civitatem
3994 3251 4209 3324 tristis-

1190 3369 1408 3443 simus
1446 3369 1578 3445 iste
1631 3369 1917 3444 morbus
1938 3429 1956 3458 ,
2027 3395 2236 3469 quem
2291 3370 2961 3470 adpropinquantem
3020 3393 3273 3470 magna
3320 3394 3482 3444 cum
3536 3370 4002 3446 sollicitudine
4053 3369 4209 3443 vide-

1079 3502 1086 3512 '
1186 3489 1457 3564 bamus.
1559 3490 1906 3578 Novistis,
1974 3497 2151 3589 quot
2205 3489 2559 3564 carissima
2614 3490 2841 3588 capita
2890 3489 3363 3588 cuiuscunque
3412 3489 3671 3564 ordinis
3696 3549 3715 3577 ,
3766 3491 3941 3578 loci,
3993 3489 4209 3564 aetatis

1186 3607 1584 3697 abstulerit,
1653 3609 1944 3683 alterum
2003 3617 2159 3709 post
2207 3609 2501 3683 alterum
2550 3609 2621 3684 in
2672 3634 2837 3684 cava
2884 3610 3095 3683 busta
3144 3609 3443 3683 trahens.
3543 3609 3957 3708 Pepercerat
4004 3615 4208 3683 autem

1051 3777 1062 3782 -
1186 3727 1414 3802 adhuc
1457 3729 1930 3803 Professorum
1985 3728 2230 3805 ordini.
2330 3731 2484 3803 Iam
2519 3754 2677 3803 vero
2712 3730 2977 3804 invadit
3020 3728 3331 3829 capitalis
3376 3728 3491 3804 ille
3536 3729 3755 3804 hostis
3803 3729 3881 3803 in
3926 3737 4209 3804 nostrum

1187 3872 1465 3946 quoque
1511 3871 1660 3922 VAN
1705 3850 1902 3924 Rnns
1925 3906 1944 3937 ,
1997 3849 2352 3948 Collegam
2396 3850 3057 3925 coniunctissimum.
3162 3849 3327 3927 Quo
3369 3849 3644 3937 audito,
3694 3849 3936 3924 afflicti
3976 3856 4045 3924 et
4079 3869 4207 3947 per·

1181 3967 1482 4056 turbati,
1535 3993 1819 4048 summo,
1850 3968 2232 4068 premimur
2285 3993 2539 4068 angore
2591 3970 2682 4043 ad
2721 3995 2943 4044 unum
2980 3994 3240 4044 omnes.
3324 3970 3761 4044 Confiuimus
3809 3970 3902 4044 ad
3946 3969 4202 4044 domum

1183 4087 1333 4161 eius
1373 4088 1717 4163 continue.
1819 4088 2135 4163 Medicos
2191 4087 2339 4162 eius
2392 4088 2827 4162 fidelissimos
2850 4149 2869 4177 ‚
2938 4089 3110 4187 quid
3158 4089 3460 4163 sentiant
3510 4089 3599 4162 de
3642 4088 3869 4164 morbi
3924 4090 4029 4176 vi,
4076 4111 4203 4161 sus·

1180 4231 1396 4307 penso
1451 4208 1682 4283 animo
1729 4207 2250 4308 interrogamus,
2350 4210 2742 4284 Prudenter
2781 4209 3064 4309 quidem
3106 4209 3242 4298 illi,
3294 4217 3374 4284 ut
3424 4210 3681 4298 solent,
3734 4216 3807 4284 at
3846 4209 3951 4283 ita
3996 4217 4201 4283 tamen

1183 4327 1640 4427 respondent,
1707 4335 1787 4402 ut
1851 4327 2030 4402 vitae
2091 4329 2476 4428 periculum
2537 4328 2777 4403 adesse
2839 4328 3329 4428 intelligamus,
3435 4329 3708 4404 Annuit
3765 4336 4005 4404 autem
4052 4326 4203 4401 votis

1184 4448 1436 4522 nostris
1479 4448 1942 4548 precibusque
1983 4456 2270 4547 paterna
2320 4449 2457 4522 Dei
2508 4447 3004 4523 benevolentia.
3105 4450 3273 4523 Ecce
3316 4449 3513 4523 adest
3559 4447 3687 4522 Vir
3732 4445 4202 4524 desideratissi-

1185 4591 1380 4654 mus,
1452 4568 1656 4667 plane
1719 4569 2164 4643 confirmatus
2186 4628 2205 4657 ,
2272 4567 2562 4668 pristina
2622 4567 2935 4668 gaudens
2998 4569 3411 4646 valetudine.
3514 4567 3726 4648 Quod
3772 4593 3937 4644 cum
3990 4567 4205 4652 viden,

1191 4708 1466 4760 summo
1523 4710 1655 4786 ego
1721 4688 1976 4762 afficior
2034 4689 2292 4787 gaudio
2313 4747 2334 4776 ,
2398 4689 2681 4788 Collega
2728 4689 3321 4764 coniunctissime!
3390 4690 3513 4790 qui
3560 4714 3643 4764 eo
3684 4689 3825 4764 iam
3874 4698 4200 4786 tempore,

1191 4827 1332 4903 quo
1379 4829 1520 4880 una
1561 4807 1636 4880 in
1678 4807 1806 4882 hac
1846 4807 2223 4884 Academia
2267 4808 2747 4898 versabamur,
2797 4810 3158 4918 permagni
3200 4817 3272 4885 te
3316 4809 3468 4887 feci.
3574 4809 3715 4884 Sed
3758 4809 3935 4909 quid
3984 4808 4069 4882 de
4103 4829 4205 4880 me
