4766 6034
1155 637 1287 704 190
2160 630 2457 701 ORDO
2521 630 3178 701 LECTIONUM.

1154 867 1341 918 usum
1360 900 1381 931 ,
1458 840 1706 916 diebus
1778 840 2020 915 Lunae
2037 897 2059 929 ,
2131 840 2385 915 Martis
2455 845 2531 914 et
2593 838 2957 927 Mercurii,
3045 836 3212 913 hora
3271 834 3388 926 X,
3455 835 4073 941 Pharmacoynosin
4115 850 4179 918 et

1154 962 1530 1036 naturalem
1576 962 2013 1037 remediorum
2057 961 2411 1034 historiam
2428 1017 2449 1048 ,
2498 958 2612 1034 die
2655 957 2850 1034 Iovis
2871 1015 2893 1048 ,
2943 957 3112 1033 hora
3135 956 3214 1033 X
3233 963 3307 1033 et
3341 955 3454 1031 dio
3484 956 3774 1033 Veneris
3791 1016 3816 1048 ,
3843 959 4015 1037 hora
4037 960 4176 1051 1x;

1151 1082 1409 1155 morbos
1472 1083 1853 1179 systematis
1908 1082 2205 1169 nervosi,
2273 1078 2524 1153 diebus
2580 1078 2826 1154 Lunae
2877 1085 2950 1152 et
2992 1076 3181 1152 Iovis
3197 1135 3218 1166 ,
3265 1077 3437 1152 hora
3479 1078 3629 1167 1113
3682 1079 4178 1181 Physioloqiau

1148 1199 1730 1297 coperimentalem
1792 1196 2069 1272 docebit
2132 1203 2204 1271 et
2256 1199 2802 1297 indaqationibus
2839 1197 3316 1296 physioloyids
3375 1195 3645 1276 vacabit
3713 1197 3828 1273 die
3887 1200 4138 1276 Martis
4157 1259 4175 1288 ,

1149 1318 1317 1393 hora
1357 1316 1468 1391 XI
1487 1375 1508 1406 ,
1548 1317 1660 1391 die
1698 1316 2030 1392 Mercurii
2046 1374 2067 1406 ,
2108 1316 2277 1392 hora
2300 1316 2456 1391 XII
2472 1374 2494 1406 ,
2537 1315 2787 1393 diebus
2814 1315 3104 1392 Veneris
3129 1322 3202 1390 et
3227 1316 3549 1405 Saturni,
3586 1316 3756 1392 hora
3781 1318 3858 1393 X
3885 1319 3978 1394 ad
4007 1318 4170 1394 ΧΠ.

1388 1557 1500 1629 ΙΝ
1546 1556 2103 1631 FACULTATE
2150 1553 2937 1630 DISCIPLINARUM
2983 1539 3935 1631 MA'PHEMATICARUM

2242 1676 2367 1752 ΕΤ
2408 1672 3076 1750 PHYSICARUM.

1244 1913 1717 1989 flammans
1784 1914 2287 1989 Cnmsrunus
2352 1935 2504 1989 vau
2571 1913 2796 1989 Hans
2866 1912 2980 1988 die
3048 1910 3376 2001 Veneris,
3437 1912 3612 1987 hora
3662 1911 3851 1990 VIII
3899 1920 3975 1989 et
4033 1914 4176 2003 IX,
4271 2010 4284 2021 ·

1148 2030 1534 2107 autumnali
1584 2039 1655 2105 et
1690 2033 1949 2107 aestivo
1992 2039 2298 2131 tempore
2340 2033 2554 2108 etiam
2589 2032 2702 2107 die
2743 2031 2994 2107 Martis
3016 2089 3037 2120 ,
3073 2029 3263 2106 Iovis
3289 2040 3361 2107 et
3391 2031 3675 2107 Saturni
3697 2089 3718 2120 ,
3757 2032 3927 2109 hora
3949 2032 4166 2122 VIII,

1148 2152 1472 2225 clementa
1522 2152 1894 2227 Botanicec
1942 2152 2337 2229 illustrabit.
2436 2155 2809 2228 Botanices
2839 2153 3252 2227 sublimioris
3298 2152 3548 2227 selecta
3579 2154 3924 2251 quaedam
3951 2154 4172 2254 capita

1146 2270 1372 2345 tradet
1432 2270 1548 2347 die
1598 2269 1887 2345 Veneris
1902 2329 1924 2360 ,
1990 2272 2158 2347 hora
2218 2272 2368 2361 XI;
2434 2272 2548 2346 die
2599 2270 2932 2347 Mercurii
2949 2272 2956 2278 ’
2971 2271 3142 2346 hora
3195 2269 3311 2344 IX
3351 2278 3424 2345 et
3466 2270 3541 2345 X
3585 2279 3748 2371 aget
3792 2272 3881 2347 de
3923 2274 4174 2371 plantis

1144 2392 1650 2466 medicinalibus
1700 2391 1991 2491 aliisque
2048 2391 2235 2467 vario
2286 2399 2607 2491 respectu
2659 2393 2937 2467 utilibus
2952 2448 2974 2481 ,
3043 2390 3186 2466 sive
3257 2390 3346 2465 de
3397 2392 3744 2467 Bataniea
3795 2393 4176 2491 applicata,

1144 2509 1384 2587 ordine
1432 2510 1883 2586 Familiamm
1934 2511 2394 2600 naturalium3
2445 2511 2560 2586 die
2605 2508 2888 2587 Saturni
2928 2516 3164 2586 autem
3183 2565 3204 2599 ,
3256 2510 3424 2586 hora
3464 2511 3537 2585 X
3575 2516 3649 2585 et
3690 2510 3839 2602 XI,
3887 2513 4174 2587 Oecono-

1143 2634 1346 2704 miam
1395 2632 1691 2703 ruralem
1739 2629 2033 2707 docebit.
2132 2630 2302 2705 Post
2340 2630 2548 2706 ferias
2588 2629 2956 2706 Paschales
3005 2636 3079 2705 et
3117 2652 3356 2705 mense
3411 2628 3805 2729 Septembri
3823 2687 3844 2718 ,
3893 2628 4168 2707 alternis

1139 2749 1411 2824 dierum
1461 2748 2015 2825 hebdomadibus
2032 2807 2053 2839 ‚
2103 2750 2217 2825 die
2262 2751 2605 2827 Mercurii
2644 2750 2811 2826 hora
2849 2749 3194 2826 matutina
3239 2748 3385 2823 VII
3429 2750 3932 2825 excursionibus
3983 2752 4163 2825 bota-

1140 2870 1313 2943 nicis
1356 2867 1673 2967 praeerit.

1235 2990 1463 3064 Linus
1506 2990 1971 3066 Gmmnmuus
2011 2989 2396 3064 Emnms
2435 2988 2685 3066 diebus
2723 2987 2948 3079 Iovis,
2993 2986 3302 3094 Veneris
3327 2991 3399 3062 et
3439 2986 3755 3077 Saturni,
3807 2986 3979 3062 hora
4015 2985 4121 3062 XI
4139 3046 4161 3075 ,

1132 3108 1606 3183 Aritkmetices
1622 3167 1643 3198 ,
1711 3111 2050 3209 Alyebrae
2065 3167 2086 3198 ,
2158 3112 2580 3185 Geometriae
2625 3116 2699 3183 et
2745 3110 3318 3208 Diqonornetriae
3341 3108 3607 3208 planae
3652 3107 4000 3182 elementa
4053 3131 4162 3182 ex-

1129 3227 1446 3325 plicabit;
1520 3229 1887 3328 Physicam
1959 3229 2544 3326 capetimentalem
2608 3227 2884 3304 docebit
2934 3226 3050 3302 die
3095 3226 3428 3304 Mercurii
3446 3282 3468 3315 ,
3527 3226 3698 3302 hora
3759 3228 3799 3300 I
3818 3285 3839 3316 ,
3914 3225 4160 3302 diebus

1130 3347 1314 3422 Iovis
1335 3406 1356 3437 ,
1421 3346 1711 3422 Veneris
1768 3356 1841 3424 et
1886 3348 2206 3436 Saturni,
2254 3347 2424 3423 hora
2471 3346 2648 3427 XII,
2749 3347 3116 3445 Physicam
3157 3347 3592 3424 theoreticam
3631 3345 3952 3421 universe
3971 3398 4000 3434 ,-
4041 3353 4161 3422 aut

1130 3467 1378 3541 selecta
1418 3467 1569 3542 eius
1602 3467 1831 3566 capita
1848 3491 1886 3556 ,*
1910 3467 2450 3566 provectioribus
2485 3466 2842 3566 discipulis
2883 3471 3200 3565 exponet.
3247 3465 3362 3542 De
3399 3467 3786 3542 Matheceos
3815 3467 4158 3542 elementis

1126 3587 1507 3682 disquisitio
1550 3586 1920 3662 habebitur
1960 3586 2207 3661 diebus
2252 3586 2439 3660 Iovis
2456 3644 2478 3675 ,
2519 3585 2808 3661 Veneris
2851 3593 2923 3660 et
2960 3583 3241 3660 Saturni
3263 3641 3285 3673 ,
3324 3584 3494 3660 hora
3519 3584 3996 3685 pomeridiana
4019 3585 4158 3660 ΠΙ.

1222 3703 1606 3778 Νιοοιᾼυε
1666 3705 1997 3778 Menona
2060 3705 2173 3778 die
2228 3706 2510 3795 Lunae,
2570 3707 2740 3782 hora
2785 3705 2902 3794 X,
2968 3705 3084 3780 die
3143 3703 3436 3794 Martis,
3501 3705 3674 3780 hora
3718 3701 3794 3778 X
3841 3711 3916 3779 et
3965 3703 4156 3792 XII,

1122 3819 1507 3894 Historiam
1574 3824 1981 3897 Animalium
2028 3826 2554 3901 vertebratoram
2603 3827 2980 3902 naturalem
3029 3822 3306 3898 docebit
3323 3881 3346 3913 ,
3393 3827 3480 3902 de
3527 3825 4040 3922 Mineraloyiae
4086 3829 4156 3899 et

1129 3941 1487 4040 Geoloyiae
1548 3943 1892 4018 elementis
1952 3967 2111 4018 vero
2178 3951 2341 4044 aget
2412 3944 2598 4020 horis
2670 3944 2832 4020 dein
2899 3942 3327 4032 indicandis,
3404 3942 3652 4018 diebus
3721 3941 4016 4018 Veneris
4087 3949 4158 4016 et

1126 4059 1445 4149 Saturni,
1510 4061 1678 4136 hora
1751 4062 1864 4136 XI
1882 4121 1903 4152 ,
1971 4066 2345 4140 Anatomen
2413 4066 2804 4140 animalium
2877 4071 3330 4162 comparatam
3395 4065 3644 4142 tradet.
3767 4065 4154 4140 Exercitiis

981 4243 990 4246 ,
1122 4179 1499 4278 Zooloyicis
1544 4189 1615 4254 et
1666 4181 2065 4259 Zootomicis
2092 4187 2430 4282 practicis
2477 4183 2788 4284 quotidie
2834 4182 3150 4284 praeerit.

1218 4297 1686 4376 Gmmnfflus
1754 4301 2143 4378 AmuANus
2208 4303 2605 4378 Exsonnmt
2669 4303 2920 4380 diebus
2973 4301 3168 4378 Iovis
3223 4310 3298 4378 et
3363 4302 3686 4392 Saturni,
3753 4302 3924 4377 hora
3993 4301 4146 4392 IX,

990 4439 997 4444 ·
1124 4417 1668 4496 Stereometriam
1708 4428 1781 4494 et
1828 4422 2424 4520 Qriqonometriam
2457 4426 2876 4523 sphaericam
2905 4421 3224 4512 docebit3
3275 4424 3562 4500 selectos
3599 4423 3940 4524 quebrae
3967 4421 4152 4498 locos

1118 4535 1441 4610 tractabit
1503 4537 1754 4613 diebus
1815 4538 2059 4614 Lunae
2124 4547 2197 4616 et
2258 4542 2512 4617 Martis
2533 4598 2554 4630 ,
2621 4542 2790 4617 hora
2829 4541 2978 4632 XI;
3041 4544 3511 4620 Astronomiae
3554 4544 3881 4619 clementa
3923 4541 4150 4617 tradet

1122 4653 1235 4728 die
1306 4655 1638 4732 Mercurii
1656 4715 1677 4747 ‚
1748 4658 1917 4734 hora
1984 4661 2022 4734 I
2042 4717 2063 4749 ‚
2138 4667 2211 4734 et
2276 4660 2392 4736 die
2447 4660 2633 4738 Iovis
2648 4718 2670 4750 ,
2735 4661 2904 4736 hora
2960 4661 3433 4773 pomeridiana
3489 4662 3629 4752 V1;
3701 4665 4150 4738 &eomer-iam

1126 4773 1531 4870 analyticam
1552 4833 1573 4866 ,
1648 4777 1985 4853 Calculum
2042 4780 2560 4876 dffereutialcm
2584 4873 2588 4878 ι
2615 4785 2689 4856 et
2729 4781 3125 4881 integralem
3142 4839 3164 4876 ,
3209 4781 3684 4860 Mechanicam
3737 4782 4150 4880 analyticam
