4766 6034
1002 601 1088 668 80
2057 600 2134 670 Α.
2217 601 2984 669 NIERMEYER

997 810 1139 884 fide
1205 814 1563 882 accrescat.
1660 804 1935 896 Deinde
2000 805 2118 881 hic
2180 807 2256 882 in
2323 834 2613 885 censum
2671 811 2861 886 venit
2939 817 3161 885 coetus
3231 812 3532 885 universi
3594 837 3760 887 cura
3775 869 3796 901 ,
3865 831 4042 912 quae

997 928 1252 1028 partim
1298 928 1524 1025 posita
1570 933 1675 1000 est
1714 925 1788 999 in
1829 924 2037 1000 rebus
2082 929 2521 1027 peculiariter
2559 931 2746 1005 hunc
2786 928 3294 1028 spectantibus:
3341 931 3414 1004 in
3448 932 3762 1006 moribus
3795 957 4044 1032 nempe

999 1045 1450 1124 'emendandis
1515 1045 2077 1145 pauperibusque
2135 1050 2645 1138 sustentandis;
2705 1050 2957 1150 partim
2995 1050 3069 1123 in
3117 1049 3202 1123 iis
3223 1107 3242 1137 ,
3311 1075 3490 1148 quae
3534 1053 3882 1149 pendent,
3932 1053 4040 1127 vel

998 1195 1041 1243 a
1083 1169 1306 1256 nexu,
1358 1192 1569 1265 quem
1612 1175 1849 1241 coetus
1897 1191 2057 1241 cum
2106 1167 2258 1240 aliis
2299 1174 2585 1266 totaque
2619 1168 2828 1243 habet
2859 1166 3164 1242 Ecclesia
3184 1225 3204 1254 ,
3245 1169 3350 1241 vel
3383 1167 3472 1240 ab
3515 1169 3737 1243 officio
3758 1226 3779 1257 ,
3827 1169 4045 1244 cuivis

996 1289 1225 1364 coetui
1282 1288 1674 1362 Christiano
1730 1287 2057 1386 imposito
2079 1344 2098 1374 ,
2166 1288 2365 1386 regni
2415 1288 2655 1361 Divini
2701 1288 2912 1362 'etiam
2955 1295 3149 1361 extra
3195 1287 3381 1360 orbis
3422 1289 3532 1360 sui
3575 1289 3750 1362 fines
3801 1290 4048 1364 tuendi

997 1416 1068 1484 et
1120 1408 1568 1508 propagandi.
1669 1409 1976 1482 Alteram
2034 1415 2271 1481 autem
2321 1408 2678 1507 regiminis
2726 1415 2995 1506 partem
3017 1465 3036 1494 ,
3103 1432 3280 1505 quae
3325 1407 3534 1506 vulgo
3575 1434 3740 1482 cura
3783 1411 4044 1484 anima·

994 1555 1141 1604 rum
1190 1529 1480 1616 dicitnr,
1528 1527 1898 1627 Euangelii
1945 1527 2272 1602 Minister
2318 1528 2587 1627 explet,
2637 1529 2698 1602 si
2749 1529 3068 1627 singulos·
3116 1527 3431 1601 homines
3456 1585 3476 1614 ,
3528 1527 3862 1602 divinitus
3911 1528 4047 1604 sibi

995 1650 1396 1724 commissos
1417 1708 1436 1737 ,
1496 1648 1589 1722 ad
1636 1647 1979 1722 sincerum
2040 1647 2178 1721 Dei
2221 1645 2490 1721 cultum
2539 1657 2610 1722 et
2657 1648 2869 1722 vitam
2914 1672 3070 1721 vere
3113 1647 3582 1724 Christianam
3627 1647 3881 1723 ducere
3922 1673 4044 1723 an·-

995 1769 1262 1843 nititur.
1361 1768 1479 1842 Illi
1530 1767 1780 1867 igitur,
1841 1792 1968 1865 pro
2013 1765 2199 1842 varia
2246 1791 2488 1842 eorum
2533 1767 2767 1842 indole
2786 1825 2807 1855 ,
2857 1767 3034 1854 vita,
3084 1774 3308 1840 aetate
3328 1825 3348 1854 ,
3398 1766 3830 1856 conditione,
3880 1791 4044 1868 pru-

996 1890 1243 1963 denter
1310 1894 1475 1962 sunt
1540 1887 1962 1962 admonendi
1979 1944 2001 1976 ,
2069 1885 2497 1985 corrigendi,
2563 1873 2963 1962 consolandi
2981 1943 3002 1974 ,
3073 1886 3164 1960 ad
3223 1911 3418 1985 spem
3463 1887 3812 1962 excitandi
3851 1893 3926 1962 et
3969 1888 4046 1960 in

996 2009 1137 2084 fide
1184 2007 1656 2085 confirmandi.

1096 2249 1197 2323 II.
1273 2249 1422 2323 Iam
1444 2306 1464 2337 ,
1525 2249 1901 2324 Auditores
1916 2307 1937 2336 ,
1998 2246 2203 2322 nobis
2252 2248 2797 2346 persuadeamus
2813 2304 2834 2334 ,
2883 2238 3254 2322 celeo-‘arum
3309 2248 3708 2347 Theoloqiae
3733 2249 4045 2346 partium

996 2371 1285 2442 studium
1332 2395 1463 2442 non
1510 2373 1807 2468 sufficere
1844 2369 1955 2442 'ad
1981 2371 2386 2468 efficiendum
2406 2426 2427 2458 ,
2473 2376 2553 2443 ut
2596 2371 2750 2469 quis
2799 2369 2900 2441 ad
2937 2370 3044 2440 M
3031 2393 3198 2442 unus
3249 2371 3533 2442 Sacrum
3586 2376 3769 2443 recte
3805 2392 4049 2467 yeren·

997 2489 1150 2562 dum
1195 2491 1598 2562 instruatur.
3813 2519 3820 2528 ·

1091 2607 1469 2681 Neminem
1540 2606 1825 2706 quidem
1845 2663 1866 2695 ,
1934 2605 2066 2683 hoc
2125 2607 2359 2681 studio
2429 2608 2746 2706 neglecto
2764 2663 2784 2694 ,
2851 2606 3230 2682 Ministerii
3290 2605 3759 2682 Ecclesiastici
3803 2604 4047 2681 munia

996 2726 1129 2799 rite
1194 2726 1387 2800 obire
1458 2750 1662 2825 posse
1679 2784 1700 2815 ,
1769 2725 2096 2810 omnibus
2157 2726 2710 2825 intelligentibus
2772 2735 3212 2825 perspectum
3277 2734 3403 2801 est.
3504 2726 3652 2800 Vae
3719 2724 4048 2800 Societati

1000 2844 1471 2934 Christianae,
1546 2846 1607 2919 si
1672 2845 1799 2918 viri
1818 2904 1839 2934 ,
1903 2846 2067 2920 huic
2133 2845 2526 2920 Ministerio
2587 2845 2950 2944 praefecti,
3013 2844 3325 2919 studium
3384 2844 3564 2919 illud
3621 2845 4048 2944 despiciant!

996 2965 1226 3040 Immo
1284 2965 1435 3065 ipse
1490 2964 1663 3041 lucis
1716 2965 1937 3041 instar
1998 2972 2146 3040 esto
2165 3024 2186 3056 ,
2259 2964 2381 3065 qui
2424 2965 2516 3041 ad
2566 2965 2792 3041 lucem
2833 2963 3255 3041 afferendam
3299 2971 3600 3041 vocatur.
3705 2965 3894 3064 Ergo
3929 2962 4049 3040 Li-

993 3093 1179 3161 teras
1241 3087 1483 3162 Sacras
1500 3146 1520 3175 ,
1584 3086 1721 3161 Dei
1776 3085 2319 3161 Patefactionem
2382 3076 2816 3160 continentes
2833 3144 2854 3173 ,
2923 3093 3066 3159 tam
3127 3084 3440 3159 Hebraei
3511 3109 3725 3183 quam
3795 3084 4042 3159 Graeci

995 3204 1363 3295 sermoniS,
1434 3206 1803 3306 Euangelii
1865 3206 2189 3280 Minister
2248 3204 2465 3305 probe
2521 3204 2927 3304 intelligim,
2993 3212 3074 3277 ut
3135 3228 3252 3279 eas
3293 3204 3654 3302 perspicue
3709 3204 4049 3302 explicare

997 3327 1256 3415 valeat3
1308 3326 1528 3400 varias
1568 3326 1789 3425 ipsius
1835 3325 2329 3401 Patefactionis
2377 3325 2515 3399 Dei
2556 3331 2790 3423 partes
2838 3323 3038 3398 docte
3079 3332 3151 3397 et
3197 3322 3545 3398 subtiliter
3581 3329 4052 3422 perscrutatus

995 3453 1146 3521 esto
1166 3504 1186 3534 ‚
1262 3454 1344 3520 ut
1396 3445 1547 3519 aliis
1621 3470 1776 3520 eam
1834 3445 2103 3532 tradat;
2173 3453 2330 3519 tum
2399 3468 2630 3519 rerum
2698 3443 3247 3518 Christianarum
3305 3443 3630 3519 historiae
3685 3468 3908 3544 usque
3957 3444 4051 3519 ad

998 3592 1127 3641 sua
1196 3571 1508 3663 tempora
1565 3573 1798 3638 teneto
1866 3560 2331 3662 cognitionem
2352 3621 2373 3651 ,
2445 3570 2528 3637 ut
2587 3562 2757 3637 alios
2822 3562 3104 3650 doceat,
3177 3564 3527 3661 quomodo
3580 3564 3890 3638 Ecclesia
3957 3562 4048 3637 ad

996 3683 1402 3759 hodiernam
1462 3683 1755 3757 formam
1819 3682 2224 3781 pervenerit.
2325 3682 2590 3756 Verum
2612 3740 2632 3771 ,
2707 3681 3084 3756 Auditores
3105 3740 3126 3770 ,
3194 3708 3620 3780 quamquam
3683 3681 4050 3782 Euangelii

997 3804 1327 3878 Minister
1381 3803 1491 3876 his
1549 3803 1841 3901 aliisque
1902 3801 2114 3875 huius
2166 3802 2440 3900 generis
2491 3801 2868 3901 disciplinis
2917 3801 3204 3875 minime
3247 3826 3473 3875 carere
3526 3810 3792 3900 potest,
3843 3802 4048 3901 plane

997 3922 1443 3999 temerarium
1508 3936 1690 3997 esset
1747 3922 2051 4022 opinari,
2122 3946 2361 3996 earum
2423 3922 2738 4007 studium
2798 3919 3107 3995 sufficere
3127 3980 3147 4009 ,
3198 3927 3279 3993 ut
3327 3921 3483 4018 quis
3528 3921 3619 3994 ad
3665 3920 4046 4018 legitimam

998 4042 1316 4117 Muneris
1387 4041 1576 4117 Sacri
1647 4041 2317 4117 administrationem
2382 4042 2791 4117 instruatur.
2917 4041 3064 4119 Qui
3115 4039 3187 4112 in
3241 4040 3393 4113 illas
3439 4048 3712 4113 tantum
3759 4038 4047 4113 Theolo-

998 4162 1155 4263 giae
1223 4171 1454 4261 partes
1519 4161 1842 4252 incubuit
1902 4162 2072 4236 alios
2133 4161 2422 4237 fortasse
2481 4162 2721 4237 doctos
2780 4161 3168 4257 Theologos
3231 4158 3630 4233 informabit
3645 4191 3663 4246 3
3701 4157 3854 4231 'sed
3917 4156 4048 4231 hoc

903 4370 911 4375 ¹
998 4307 1140 4357 non
1193 4289 1300 4356 est
1341 4282 1643 4357 officium
1694 4281 2062 4381 Euangelii
2110 4280 2438 4355 Ministro
2483 4269 2971 4380 propositum(
3039 4278 3261 4351 Sicuti
3303 4278 3490 4352 enim
3529 4277 3864 4351 vidimus:
3927 4275 4046 4351 ho·

996 4401 1222 4476 mines
1241 4458 1261 4489 ,
1328 4408 1410 4475 ut
1471 4402 1679 4500 vulgo
1734 4409 1938 4488 sunt,
2004 4401 2228 4475 omnis
2271 4400 2546 4499 generis
2565 4458 2586 4487 ,
2634 4398 2887 4473 indolis
2909 4456 2928 4485 ,
2979 4398 3160 4472 vitae
3184 4456 3204 4485 ,
3253 4397 3665 4472 conditionis
3689 4455 3709 4484 ,
3755 4394 3927 4471 culti
3977 4403 4051 4468 et

997 4519 1283 4607 inculti,
1352 4520 1441 4594 ab
1501 4546 1582 4596 eo
1630 4521 1730 4594 ita
1780 4520 2202 4597 informandi
2250 4527 2456 4608 sunt,
2517 4525 2599 4593 ut
2645 4520 2818 4592 fiant
2857 4516 2956 4616 pii
2999 4517 3355 4591 Christi
3403 4524 3790 4591 sectatores.
3890 4514 4048 4588 Hoc

1001 4661 1227 4712 unum
1291 4635 1356 4709 ei
1421 4636 1871 4735 spectandum
1938 4645 2067 4713 est.
2192 4639 2446 4737 Itaque
2515 4638 2654 4712 fere
2714 4636 2789 4709 in
2851 4661 3109 4712 novum
3163 4644 3234 4711 et
3291 4661 3572 4734 prorsus
3615 4634 4050 4733 incognitum

1003 4757 1243 4833 orbem
1281 4756 1725 4850 transfertur,
1758 4757 1889 4859 qui
1906 4816 1927 4850 ,
1966 4760 2105 4835 illis
2136 4757 2622 4833 tantummodo
2660 4754 3040 4857 disciplinis
3067 4756 3417 4846 imbutuS,
3456 4757 3728 4830 Munus
3761 4755 4050 4829 Sacrum
