4766 6034
1863 556 2481 708 οιιῲτιο.ὁ
3170 607 3179 614 ·
3583 601 3673 672 π

643 819 808 896 ethos
873 818 1164 920 triginta
1225 817 1336 897 vel
1391 814 1856 916 quadraginta
1917 837 2136 892 annos
2190 813 2264 889 in
2321 819 2471 914 arte
2536 816 2771 886 nostra
2829 811 3241 910 praestitum
3288 818 3433 901 est;
3494 811 3667 910 quin

638 963 928 1018 nnovam
979 963 1203 1040 paene
1261 937 1545 1014 omnino
1590 944 1812 1014 artem
1869 935 2250 1012 creavimus
2269 993 2290 1025 ,
2356 941 2579 1010 artem
2627 933 2781 1008 dico
2834 932 3119 1010 mutilos
3165 933 3275 1011 vel
3294 932 3669 1010 -difformes

635 1061 750 1135 uin
820 1061 1172 1160 integrum
1239 1058 1651 1136 restituendi
1698 1057 1810 1134 vel
1867 1055 2254 1156 refingendi
2299 1093 2393 1109 —-
2438 1077 2667 1152 neque
2726 1051 2966 1152 negari
3014 1059 3243 1151 potest
3287 1050 3417 1128 hac
3472 1059 3670 1151 parte

634 1177 1098 1279 nchirurgiam
1147 1186 1424 1256 tantum
1465 1176 1728 1277 cepisse
1778 1176 2282 1251 incrementum
2303 1233 2324 1264 ,
2393 1180 2738 1273 quantum
2801 1172 2925 1271 qui
2983 1179 3146 1248 ante
3206 1196 3332 1248 nos
3372 1173 3667 1250 eandem

635 1306 896 1374 nartem
952 1300 1360 1376 excolebant
1423 1297 1730 1378 divinare
1790 1322 1931 1373 non
1987 1302 2394 1397 potuerant,
2460 1318 2635 1394 quos
2683 1318 3092 1393 persuasum
3140 1292 3313 1368 mihi
3359 1302 3467 1370 est
3518 1302 3665 1370 stu-

632 1427 920 1519 npentes
971 1445 1122 1496 esse
1168 1419 1547 1496 intuituros
1565 1477 1586 1510 ,
1637 1418 1698 1494 si
1748 1418 2137 1518 chirurgiae
2187 1416 2541 1516 profectus
2589 1413 2675 1490 iis
2723 1413 2957 1490 liceret
2997 1413 3402 1513 inspicere.'’
3504 1463 3519 1476 ·

725 1540 1171 1618 salutiferam
1217 1541 1474 1618 hancce
1490 1599 1510 1630 ,
1563 1565 1776 1639 quam
1822 1565 1932 1615 ars
1973 1546 2210 1614 nostra
2259 1537 2607 1636 sequitur,
2654 1533 2837 1636 viam
2882 1534 3299 1611 recolamus:
3352 1533 3672 1635 gravissi-

621 1685 928 1752 morum,
1009 1688 1190 1762 quae
1233 1663 1325 1738 ad
1381 1669 1690 1740 nostram
1755 1668 2056 1736 aetatem
2116 1660 2514 1761 pertinent,
2578 1657 3017 1731 inventorum
3064 1654 3328 1755 aliquot
3384 1680 3667 1731 enume-

619 1783 861 1858 rando.
940 1785 1143 1862 Quae
1177 1783 1547 1883 praecipue
1583 1791 1964 1858 cernuntur
1999 1782 2074 1858 in
2114 1806 2196 1857 ea
2233 1779 2620 1880 chirurgiae
2653 1781 2847 1878 parte
2868 1835 2889 1864 ‚
2932 1799 3145 1874 quam
3185 1775 3673 1875 autopla-stiam

621 1908 694 1976 et
749 1903 1270 2002 orthopaediam
1337 1901 1758 2002 operativam
1827 1901 2281 2001 appellamus,
2381 1899 2455 1973 H
2460 1923 2539 1974 ac
2593 1899 2780 1974 enim
2824 1907 3021 2000 parte
3076 1907 3218 1988 est,
3283 1925 3424 1998 qua
3480 1925 3674 2000 prae·

618 2020 822 2119 cipue
889 2046 1290 2097 conservare
1363 2028 1436 2095 et
1507 2025 1889 2096 restaurare
1959 2020 2229 2108 studet,
2297 2019 2427 2094 hac
2494 2026 2689 2116 parte
2736 2043 2971 2094 revera
3022 2019 3188 2095 artis
3244 2043 3501 2094 nomen
3568 2027 3674 2096 est

613 2140 989 2238 promerita
1007 2201 1027 2231 ,
1098 2141 1358 2243 quippe
1421 2165 1600 2240 quae
1676 2140 2023 2216 indefessa
2073 2163 2281 2240 opera
2325 2139 2725 2239 fervidoque
2768 2141 3000 2217 studio
3050 2140 3126 2215 id
3174 2141 3265 2215 sit
3307 2148 3623 2218 assecuta
3648 2199 3669 2231 ‚

615 2284 758 2358 quo
801 2262 1145 2362 perveniri
1190 2287 1392 2362 posse
1447 2261 1616 2337 olim
1669 2261 1954 2338 omnino
2002 2285 2141 2336 non
2190 2260 2530 2336 creditum
2582 2269 2751 2336 erat.

715 2381 1162 2483 chirurgiam
1210 2382 1567 2483 plasticam
1585 2441 1604 2470 ‚
1655 2381 1723 2457 h.
1769 2407 1834 2457 e.
1888 2389 2107 2456 artem
2153 2381 2437 2456 mutilas
2485 2381 2595 2456 vel
2642 2380 2905 2456 deletas
2948 2380 3147 2456 faciei
3195 2389 3425 2482 partes
3464 2383 3671 2460 refin-

610 2501 828 2602 gendi
915 2510 1188 2578 constat
1249 2504 1392 2579 iam
1463 2501 1968 2602 antiquissimis
2045 2502 2475 2603 temporibus
2538 2501 2889 2602 cognitam
2910 2559 2931 2591 ‚
3020 2527 3098 2577 ac
3182 2502 3431 2578 deinde
3448 2561 3468 2590 ,
3546 2501 3673 2580 sed

609 2631 922 2722 tempore
992 2623 1326 2698 memoria
1385 2629 1624 2700 nostra
1668 2625 1875 2724 longe
1924 2622 2147 2723 priore
2167 2683 2188 2712 ,
2247 2623 2322 2700 in
2370 2622 2575 2697 Italia
2624 2623 2995 2698 exercitam
3044 2620 3280 2698 fuisse.
3373 2623 3671 2698 Nostrae

609 2742 914 2843 denique
954 2743 1164 2819 aetati
1215 2743 1509 2843 contigit
1558 2744 1963 2820 memoriam
1997 2745 2166 2819 artis
2207 2744 2551 2820 oblivione
2584 2767 2805 2842 paene
2842 2743 3109 2818 deletae
3126 2801 3171 2852 ‚·
3196 2743 3665 2844 redintegrare

607 2887 840 2962 neque
910 2863 1103 2939 haud
1165 2864 1267 2938 ita
1333 2865 1556 2940 multo
1619 2874 1994 2966 postquam
2021 2865 2580 2966 {rhinoplasticae
2643 2864 3074 2964 operationes
3148 2865 3333 2940 varia
3404 2863 3669 2940 ratione

607 2984 780 3060 fieri·
805 2991 1003 3061 erant
1049 2992 1373 3087 coeptae,
1424 3009 1536 3062 ars
1575 2986 1896 3087 organice
1931 2986 2213 3063 mutilas
2255 2986 2389 3062 vel·
2414 2984 2675 3062 deletas
2720 2982 2921 3061 faciei
2963 2991 3193 3084 partes
3232 2985 3671 3063 instaurandi

610 3106 1039 3207 amplificata
1115 3115 1185 3183 et
1246 3107 1753 3207 multiplicibus
1814 3108 2090 3184 casibus
2147 3107 2462 3185 adhibita
2524 3109 2697 3182 fines
2762 3130 2923 3181 suos
2943 3165 2963 3195 ,
3029 3112 3385 3205 tamquam
3446 3130 3665 3207 expu-

607 3229 892 3327 gnando
913 3288 932 3318 ‚
982 3229 1056 3304 in
1104 3229 1252 3305 dies
1295 3228 1759 3329 amplificavit.
1863 3229 2004 3303 Sed
2045 3252 2186 3303 non
2231 3227 2417 3303 facili
2462 3253 2668 3329 opera
2712 3250 2841 3303 nec
2896 3226 3045 3303 sine
3092 3251 3369 3303 summa
3410 3226 3665 3305 virium
3700 3250 3719 3279 ⁸

611 3346 1004 3425 intentione
1062 3350 1530 3448 expugnando
1595 3350 1770 3423 fines
1822 3348 2240 3448 amplificare
2285 3348 2500 3424 licuit.
2599 3350 2785 3424 Nam
2826 3373 3049 3447 quum
3092 3348 3379 3422 omnino
3428 3372 3663 3447 opera-

607 3466 711 3542 tio
758 3468 1144 3569 chirurgica
1188 3469 1516 3568 prudenti
1562 3476 1765 3568 egeat
1807 3470 2168 3568 peritoque
2211 3469 2473 3545 artifice
2493 3529 2513 3559 ‚
2563 3476 2718 3544 tum
2764 3456 2871 3544 ad*
2896 3469 3384 3570 autoplastiam
3400 3528 3420 3559 ,
3464 3491 3661 3567 prae-

607 3584 814 3685 cipue
878 3587 971 3663 ad
1037 3588 1526 3689 autoplastiam
1581 3588 2022 3665 cosmeticam
2084 3588 2215 3663 rite
2271 3615 2352 3665 ac
2411 3614 2573 3666 cum
2637 3590 2871 3665 fructu
2937 3589 3469 3691 perpetrandam
3519 3616 3662 3666 non

613 3706 869 3781 sufficit
916 3714 999 3781 ut
1040 3708 1356 3783 eruditus
1401 3710 1493 3784 sit
1506 3768 1526 3799 ‚
1576 3716 1824 3785 cautus
1881 3710 2284 3809 peritusque
2338 3709 2725 3810 Chirurgus
2751 3769 2770 3799 ,
2810 3712 2934 3785 sed
2981 3711 3287 3787 eundem
3336 3736 3511 3811 opus
3552 3719 3660 3787 est

611 3837 926 3903 accurate
971 3836 1044 3903 et
1084 3830 1515 3905 continenter
1561 3831 1635 3905 in
1684 3838 1974 3906 naturae
2019 3831 2388 3931 indagasse
2436 3832 2572 3906 vim
2624 3832 3195 3931 reproductivam.

717 3947 850 4021 nIn
907 3948 1101 4025 omni
1167 3950 1560 4049 operatione
1601 3950 1890 4050 plastica
1908 3952 1977 4041 ‚’'
2044 3960 2128 4025 ut
2169 3952 2397 4027 v'erbis
2450 3936 2606 4051 utar
2643 3952 3205 4030 Laelium-,0111
3250 3952 3650 4041 clarissimi,
3736 3968 3753 3983 ’

607 4066 1010 4166 professoris
1066 4070 1532 4148 Berolinensis
1616 4070 1964 4170 nchirurgi
2009 4094 2120 4145 ars
2165 4078 2523 4147 exercetur
2567 4080 2637 4147 et
2682 4075 2987 4150 cernitur
3029 4076 3102 4148 in
3152 4073 3454 4149 curanda
3504 4099 3651 4149 ma-

615 4189 828 4263 nterie
891 4189 1083 4279 viva3
1157 4190 1460 4290 reliquae
1524 4217 1764 4269 omnes
1821 4192 2252 4292 operationes
2292 4192 2366 4267 in
2408 4192 2737 4269 cadavere
2790 4194 3245 4270 demonstrari
3299 4201 3509 4292 atque
3554 4194 3654 4269 ita

615 4308 925 4385 naddisci
959 4318 1256 4410 possunt
1281 4370 1301 4401 ‚
1342 4320 1425 4386 ut
1470 4313 1564 4388 ad
1603 4313 2094 4411 perfectionem
2141 4313 2787 4414 absolutionemque
2813 4316 2925 4389 vix
2955 4315 3219 4414 aliquid
3242 4315 3421 4389 desit
3436 4346 3455 4402 ;
3506 4313 3649 4387 ohi-

613 4430 929 4529 nrurgiae
967 4432 1294 4530 plasticae
1333 4457 1540 4508 nemo
1577 4436 1660 4508 fit
1710 4434 1954 4510 artifex
1974 4493 1995 4524 ,
2061 4434 2232 4533 quin
2271 4434 2346 4508 in
2392 4458 2671 4533 corpore
2715 4436 2866 4510 vivo
2910 4435 3255 4535 stipendia
3294 4433 3643 4509 meruerit.

614 4551 954 4626 nNullum
995 4558 1102 4627 est
1154 4555 1629 4652 operationum
1684 4579 1906 4656 genus
1928 4614 1948 4644 ,
2005 4555 2195 4654 quod
2260 4555 2434 4630 adeo
2496 4564 2807 4630 exerceat
2859 4556 3221 4656 ingenium
3290 4562 3361 4629 et
3414 4560 3646 4629 teneat

611 4694 1074 4771 ‘'suspensum
1096 4731 1117 4762 ,
1165 4698 1386 4774 quum
1431 4700 1573 4751 non
1613 4676 1690 4750 id
1737 4684 2013 4752 tantum
2058 4684 2409 4779 spectetur
2428 4733 2447 4764 ,
2492 4683 2575 4751 ut
2602 4677 2786 4752 malo
2807 4676 3212 4751 medeamur
3229 4735 3249 4767 ‚
3282 4676 3409 4753 sed
3428 4675 3643 4751 etiam

613 4798 739 4865 aut
785 4792 1050 4899 mutilis
1093 4794 1410 4892 partibus
1455 4795 1820 4895 pristinam
1867 4795 2162 4875 formam
2210 4798 2660 4902 reddamus.f',

3064 4920 3104 4989 5
3119 4916 3161 4960 ἦ
