4766 6034
1752 647 2325 718 IUDICIA
3091 711 3094 714 ,
3441 648 3568 715 207

626 860 815 935 ordo
868 859 1349 957 Theoloyorum
1400 857 1575 933 duas
1629 858 1990 958 proposuit
2038 856 2478 956 quaestiones
2496 913 2516 945 ‚
2569 857 2854 934 alteram
2901 857 3297 932 historicam
3321 915 3342 946 ‚
3391 856 3560 931 alte-

522 1003 671 1055 ram
732 977 1583 1079 exegetico-dogmatioam
1648 980 1749 1054 ita
1800 1003 1875 1054 se
1924 978 2341 1054 habentem:
2380 983 2383 986 ’
2418 977 2707 1056 nQuum
2766 979 2853 1053 de
2907 979 3098 1052 omni
3159 977 3442 1052 consilio
3493 984 3566 1050 et

520 1123 725 1202 opere
784 1123 913 1174 suo
978 1099 1075 1174 sic
1134 1098 1287 1174 Ioh.
1350 1099 1568 1174 XVII
1632 1108 1797 1200 agat
1866 1101 2067 1174 Iesus
2116 1099 2474 1186 Christus,
2540 1105 2622 1172 ut
2658 1099 2922 1174 nullam
2974 1098 3288 1173 videatur
3331 1098 3564 1174 ideam

522 1222 610 1296 de
644 1245 725 1295 re
768 1219 1164 1296 Christiana
1208 1220 1603 1319 primariam
1646 1247 1787 1297 non
1826 1220 2143 1321 attigisse
2184 1219 2540 1318 quaeritur
2558 1278 2577 1307 ‚
2629 1243 2718 1294 an
2759 1219 2859 1293 ibi
2908 1219 3120 1294 etiam
3168 1217 3255 1291 de
3297 1215 3561 1316 Spiritu

518 1343 775 1418 Sancto
846 1339 1083 1416 fecerit
1154 1340 1629 1418 mentionem?
1727 1343 1941 1418 Porro
1964 1401 1985 1430 ,
2081 1341 2140 1414 si
2219 1339 2458 1414 fecerit
2478 1397 2498 1428 ‚
2577 1364 2717 1438 qua
2792 1339 2926 1414 alia
2999 1338 3264 1414 ratione
3347 1361 3560 1438 quam

518 1463 671 1538 Ioh.
722 1461 1179 1536 XIV—XVI
1202 1465 1237 1537 Ρ
1310 1463 1634 1562 Denique
1682 1465 1871 1538 unde
1920 1462 2089 1538 haec
2138 1460 2500 1536 diversitas
2552 1459 2644 1532 sit
2691 1459 3098 1558 explicanda
3114 1462 3194 1534 ?''

614 1581 737 1656 Ad
779 1581 1255 1681 quaestionem
1302 1582 1697 1660 historicam
1739 1583 2011 1659 nullum
2035 1642 2054 1671 ,
2106 1582 2197 1657 ad
2236 1579 3085 1681 exegetico·dogmaticam
3126 1579 3267 1654 duo
3296 1578 3558 1678 accepit

512 1727 845 1804 responsa
863 1761 883 1792 ,
914 1727 1137 1778 unum
1164 1702 1575 1803 inscriptum
1596 1703 1784 1781 hisce
1802 1703 2179 1779 Wmnnm
2211 1702 2467 1776 verbis:
2507 1702 2704 1776 nDcw
2746 1701 2975 1776 Weaen
2998 1702 3173 1776 aller
3215 1701 3562 1775 Wahrheit

511 1825 609 1898 ist
655 1823 1249 1924 Nothwendiqkeit
1292 1827 1411 1900 des
1458 1827 1841 1900 Einzelnen
1888 1825 2098 1898 dua-eh
2150 1825 2279 1898 das
2336 1824 2639 1910 Ganze”,
2689 1815 2985 1896 alterum
3037 1822 3168 1897 hac
3217 1820 3559 1896 sententia

509 1943 959 2018 distinctum:
998 1972 1033 2014 ιι
1042 1945 1487 2044 Philosophia
1508 1948 1873 2020 veritatem
1900 1946 2176 2044 quaerit
2191 2001 2211 2031 ‚
2247 1943 2581 2042 theoloyia
2605 1945 2865 2017 invenit
2881 2001 2902 2032 ‚
2927 1942 3554 2042 reliqiopossidet.”

610 2065 895 2140 Horum
937 2065 1263 2165 quodque
1314 2089 1803 2166 responsorum
1849 2087 2277 2164 quamquam
2324 2062 2470 2136 suis
2513 2087 2586 2136 se
2631 2062 2964 2138 laudibus
3003 2062 3554 2149 commendaret,

512 2192 849 2260 neutrum
903 2192 1137 2260 tamen
1184 2185 1481 2286 dignum
1524 2185 1911 2261 iudicatum
1954 2192 2061 2258 est
2109 2184 2301 2282 quod
2346 2182 2654 2282 praemio
2705 2183 3084 2257 constituto
3128 2189 3508 2259 ornaretur.

608 2306 895 2382 Etenim
955 2314 1194 2381 auctor
1261 2307 1525 2407 primae
1600 2306 1989 2406 scriptionis
2058 2313 2241 2379 recte
2302 2303 2591 2402 quidem
2650 2303 2842 2378 haud
2900 2326 3124 2402 pauca
3172 2301 3558 2406 observavit

378 2477 389 2487 ·
506 2451 677 2502 cum
750 2427 974 2528 magis
1041 2435 1195 2502 tum
1263 2427 1497 2504 minus
1571 2429 1662 2502 ad
1717 2427 2191 2527 quaestionem
2260 2425 2713 2524 pertinentia,
2777 2423 2902 2499 sed
2961 2423 3274 2514 universe
3323 2425 3558 2498 minus

506 2547 868 2647 exegetica
929 2571 1143 2646 quam
1206 2547 1349 2623 sive
1400 2547 1872 2648 philosophice
1938 2549 2080 2623 sive
2133 2546 2367 2647 potius
2427 2545 2894 2644 metaphysice
2951 2544 3025 2619 in
3082 2542 3292 2618 rebus
3347 2567 3556 2643 expo-

506 2668 765 2744 nendis
830 2675 1141 2743 versatus
1199 2676 1329 2744 est.
1429 2669 1787 2746 Nonnulla
1806 2727 1826 2759 ‚
1889 2679 1971 2743 ut
2028 2668 2258 2743 locum
2307 2667 2395 2742 de
2446 2665 2636 2766 δόξῃ
2683 2668 2828 2766 πρὸ
2880 2672 3015 2741 τοῦ
3064 2665 3206 2740 τὸν
3257 2667 3560 2760 κόσμον

505 2786 729 2866 εἶναι
753 2847 773 2878 ,
844 2788 950 2863 uti
1014 2795 1088 2862 et
1148 2789 1235 2864 de
1300 2789 1467 2864 fidei
1528 2789 1795 2890 origine
1873 2788 2206 2864 contorsit
2271 2787 2365 2863 ad
2428 2811 2626 2861 suam
2683 2785 3226 2885 metaphysicam
3299 2783 3388 2858 de
3455 2793 3561 2883 τῷ

502 2911 713 3010 λόγῳ
778 2908 1176 3007 opinionem
1250 2916 1321 2983 et
1388 2933 1587 2987 suam
1644 2911 1733 2985 de
1793 2919 2137 2998 monstro,
2199 2915 2281 2982 ut
2345 2908 2483 2997 ait,
2553 2906 2751 2982 liberi
2808 2906 3074 2981 arbitrii
3141 2904 3554 2979 sententiam

507 3056 659 3130 qua
722 3055 863 3105 non
934 3030 1281 3105 dubitavit
1346 3032 1653 3131 profiteri
1721 3032 1957 3107 Deum
2019 3056 2169 3107 csse
2240 3028 2504 3129 peccati
2571 3052 2871 3104 causam.
2971 3029 3082 3101 De
3150 3027 3552 3126 quaestione

505 3154 671 3251 ipsa
726 3175 867 3226 non
921 3152 1057 3227 nisi
1109 3154 1396 3228 tandem
1452 3178 1655 3254 agere
1713 3153 2007 3253 incepit,
2066 3152 2278 3251 idque
2328 3152 2387 3223 si
2439 3148 3031 3247 praeparationem
3083 3155 3350 3245 spectes
3395 3171 3550 3247 pro·

505 3274 746 3347 fusam
796 3272 1075 3365 brevius
1124 3280 1194 3347 et
1242 3272 1477 3349 minus
1526 3299 1739 3374 quam
1786 3274 2203 3375 oportuisset
2250 3271 2608 3371 explicate.
2899 3358 2906 3367 ‚

608 3393 851 3467 Multo
913 3393 1112 3469 aliter
1176 3397 1519 3470 secundae
1571 3394 1959 3494 scriptionis
2004 3401 2261 3469 auctor.
2362 3390 2505 3465 Hic
2549 3388 2982 3487 paucissimis
3028 3388 3116 3463 de
3172 3386 3438 3487 Spiritu
3478 3386 3553 3460 in

506 3512 597 3589 V.
624 3513 708 3589 Τ.
751 3513 1185 3614 praemissis,
1234 3514 1543 3614 primum
1587 3515 2025 3614 expositurus
2070 3511 2420 3612 quomodo
2461 3511 2664 3584 Iesus
2706 3508 2854 3584 Ioh.
2901 3506 3118 3581 XVII
3159 3507 3245 3582 de
3292 3506 3557 3605 Spiritu

508 3636 775 3709 Sancto
818 3634 1057 3708 fecerit
1098 3634 1523 3710 mentionem
1544 3694 1563 3723 ,
1612 3634 1838 3709 fusius
1883 3634 2169 3734 quidem
2206 3656 2420 3732 quam
2457 3654 2632 3729 opus
2675 3634 2861 3717 erat,
2909 3634 3138 3703 totum
3181 3629 3310 3703 hoc
3347 3635 3558 3728 caput

508 3752 893 3851 percurrit;
966 3754 1090 3827 sed
1150 3753 1239 3828 de
1303 3779 1401 3830 vs.
1476 3758 1763 3831 17-19
1833 3778 2046 3855 agens
2106 3759 2422 3829 accurate
2482 3748 2788 3826 ostendit
2837 3752 2980 3841 τὴν
3023 3750 3400 3841 ἀλήθειαν
3447 3748 3557 3822 hic

504 3872 845 3948 eumdem
882 3897 1215 3973 occupare
1257 3875 1483 3949 locum
1530 3900 1743 3973 quem
1774 3875 1846 3949 in
1891 3874 2459 3951 antecedentibus
2496 3873 2590 3947 τὸ
2625 3880 2918 3967 πνεῦμα
2959 3882 3096 3963 τῆς
3146 3871 3542 3961 ἀληθείας.

506 3990 663 4065 Ubi
739 4014 945 4090 porro
1012 3991 1286 4090 quaerit
1354 4016 1494 4090 qua
1553 3993 1687 4069 alia
1755 3993 2023 4068 ratione
2080 3994 2169 4067 de
2234 3992 2500 4092 Spiritu
2550 3993 2803 4067 Sancto
2855 3994 3054 4065 Iesus
3108 3991 3326 4089 egerit
3375 3988 3547 4089 Cap.

512 4110 982 4185 XIV—XVI
1056 4111 1223 4187 satis
1289 4112 1468 4186 bene
1534 4111 1961 4187 demonstrat
2014 4112 2438 4213 paracletum
2457 4169 2478 4200 ‚
2546 4111 2882 4209 Spiritum
2932 4109 3236 4185 veritatis
3256 4167 3277 4197 ,
3325 4110 3556 4207 quoad

509 4240 843 4307 naturam
906 4256 1105 4307 suam
1162 4232 1348 4311 idem
1420 4256 1575 4306 esse
1629 4241 1839 4331 atque
1885 4234 2135 4325 veritas
2182 4232 2333 4330 ipsa
2378 4238 2484 4306 est
2503 4264 2522 4319 3
2585 4230 2951 4305 discrimen
2995 4230 3212 4329 igitur
3247 4237 3554 4305 tantum·

512 4351 731 4427 modo
778 4352 853 4425 in
894 4351 1120 4427 forma
1160 4352 1437 4427 dicendi
1477 4376 1629 4427 esse
1672 4352 2003 4451 positum.
2072 4351 2352 4425 Ibidem
2400 4375 2558 4425 vero
2609 4358 2810 4423 acute
2863 4350 3086 4448 magis
3140 4366 3354 4447 quam
3401 4373 3555 4423 vere

511 4472 808 4572 exponit
852 4474 946 4548 τὸ
990 4480 1288 4571 πνεῦμα
1342 4485 1479 4567 τῆς
1517 4472 1895 4563 ἀληθείας
1937 4496 2086 4546 csse
2134 4471 2473 4571 Spiritum
2519 4470 3017 4545 immanentem
3056 4469 3129 4542 in
3165 4469 3554 4567 Apostoli8‚

509 4597 654 4685 τὴν
717 4592 1097 4686 ἄλήθέιαν
1172 4618 1330 4668 vero
1395 4618 1545 4668 esse
1614 4594 1951 4693 Spiritum
2014 4591 2612 4668 transcendentem
2681 4590 2823 4665 sive
2893 4590 3035 4663 vim
3101 4589 3406 4663 divinam
3479 4589 3554 4663 in

510 4714 835 4790 homines
902 4722 1249 4815 agentem.
1349 4714 1495 4788 Ubi
1556 4714 1857 4813 denique
1922 4714 2251 4812 inquirit,
2324 4712 2513 4787 unde
2577 4709 2747 4786 haec
2795 4708 3155 4785 diversitas
3202 4710 3292 4783 sit
3339 4708 3556 4807 expli-

510 4836 741 4911 canda
759 4894 779 4926 ,
846 4834 1197 4935 duplicem
1260 4834 1411 4910 eius
1469 4858 1750 4910 causam
1810 4834 2065 4923 tradit,
2114 4833 2404 4910 alteram
2452 4832 2526 4907 in
2561 4834 2880 4931 personis
2933 4830 3230 4933 positam
3251 4888 3269 4919 ,
3320 4831 3560 4930 quibus
