4766 6034
999 605 1085 676 32
2049 607 2118 674 Τ.
2181 606 2258 674 G.
2323 607 2379 674 J.
2443 605 3013 674 JUYNBOLL

1098 819 1204 890 83)
1264 815 1402 893 Pag.
1426 818 1497 876 15
1535 814 1635 876 lin.
1659 820 1694 876 6
1717 817 1898 877 afine.
2004 815 2387 888 Monumenta,
2432 837 2487 879 v.
2522 835 2572 878 c.
2605 816 2895 895 intelligo,
2934 816 3241 876 vetustiora
3276 815 3522 876 Arabiae
3555 816 3624 876 L.
3658 817 3731 878 B.
3780 818 3969 891 1740,
4003 823 4059 878 et

1013 918 1179 979 Eiet.
1233 919 1467 994 Imperii
1517 919 1878 979 vetustissimi
1923 919 2338 980 Joocoeddmm
2372 920 2434 981 in
2472 921 2695 980 Arabia
2722 921 2899 994 felice
2916 966 2932 992 ,
2987 940 3057 980 ex
3098 918 3263 978 variis
3303 918 3537 998 Scriptis
3576 920 3751 980 Arab.
3794 921 4025 981 collecta
4042 964 4058 990 ,

1013 1022 1162 1083 edita
1216 1022 1583 1082 Harderovici
1638 1024 1812 1084 1786.
1896 1026 2076 1096 Ante,
2127 1029 2189 1084 ιιι
2228 1025 2338 1084 alia
2376 1030 2653 1084 transeam
2696 1023 2915 1103 Opera,
2956 1022 3205 1100 Linguae
3246 1025 3558 1082 Hebraicae
3599 1022 3840 1083 studium
3878 1022 4061 1103 potius

1011 1125 1314 1206 spectantia
1329 1171 1345 1198 ,
1387 1119 1625 1185 'Haririi
1663 1125 1936 1202 Speeimea
1968 1127 2088 1204 jam
2129 1128 2421 1207 scripserat
2436 1172 2452 1199 ,
2497 1133 2613 1186 tres
2655 1130 2949 1186 Gon-reem
2985 1127 3352 1205 complectens
3368 1170 3383 1197 ,
3421 1126 3569 1205 quod
3602 1124 3809 1205 prodiit
3840 1125 4063 1186 demum

1009 1229 1237 1288 ineunte
1277 1249 1425 1288 anno
1469 1230 1644 1290 1731.
1740 1228 2090 1289 Warneriani
2133 1229 2328 1306 Legati
2367 1231 2678 1310 Interpres,
2728 1236 3014 1308 quartum,
3058 1229 3300 1305 quintum
3340 1235 3399 1288 et
3436 1233 3668 1299 sextum,
3712 1247 3861 1288 anno
3904 1228 4063 1290 1740

1014 1331 1224 1402 editos,
1278 1329 1388 1389 illis
1443 1329 1675 1390 addidit.
1754 1331 1924 1391 Brevi
1979 1336 2105 1411 post
2161 1352 2326 1411 quam
2381 1331 2631 1410 Leydam
2683 1338 2937 1405 venerat,
2993 1337 3055 1391 ut
3094 1331 3155 1390 in
3194 1331 3557 1392 Dedicatione
3605 1332 3775 1391 Vitae
3812 1329 4067 1390 &ladini

1015 1435 1332 1514 profitetur,
1376 1431 1446 1492 ad
1489 1432 1703 1492 Haririi
1743 1431 2044 1493 editionem
2084 1433 2382 1513 parandam
2422 1433 2672 1494 accessit.

1099 1535 1446 1596 Warneriani
1503 1534 1708 1612 Legati
1755 1531 2080 1616 Interpretis
2135 1555 2362 1597 munere
2414 1535 2615 1597 deinde
2670 1537 2847 1596 functi
2900 1543 3027 1596 sunt
3080 1537 3138 1597 J.
3178 1538 3235 1596 J.
3278 1538 3747 1609 senumnnsws,
3786 1537 3847 1595 in
3886 1535 4064 1595 Patris

1009 1642 1194 1700 locum
1233 1637 1486 1700 suffectus
1503 1683 1519 1710 ,
1561 1638 1633 1697 ab
1654 1657 1800 1698 anno
1825 1641 1936 1702 175
1948 1643 2099 1699 2-1
2111 1641 2181 1702 77
2190 1644 2246 1700 8.
2313 1641 2532 1700 Tertius
2566 1645 2685 1701 erat
2713 1639 2796 1700 H.
2818 1640 2890 1699 A.
2912 1641 3350 1700 ScHULTnNsws
3368 1641 3438 1700 ab
3460 1660 3607 1701 anno
3632 1641 4028 1703 1779-1793
4048 1683 4063 1710 ,

1012 1748 1247 1819 quartus
1282 1742 1353 1801 E.
1377 1742 1700 1800 Scammos
1740 1759 1840 1820 per
1883 1745 1918 1800 6
1958 1760 2173 1802 menses
2187 1764 2204 1819 3
2243 1742 2475 1819 quintus
2515 1742 2663 1802 aF.
2686 1743 3029 1813 Lnums,
3071 1742 3312 1823 primum
3352 1744 3423 1803 ab
3454 1761 3601 1803 anno
3632 1742 4063 1812 1794-1796,

1015 1851 1072 1904 et
1105 1850 1308 1931 postea⁸
1331 1843 1402 1902 ab
1440 1863 1586 1903 anno
1624 1846 2045 1907 1799-1807.
2123 1846 2346 1908 Interea
2375 1845 2528 1906 enim
2554 1853 2775 1916 meus,
2816 1845 2873 1905 J.
2895 1845 2977 1906 H.
2997 1845 3266 1906 Faunus
3287 1845 3399 1905 hoc
3418 1845 3623 1905 Munus
3640 1845 3813 1922 gessit
3830 1845 3900 1905 ab
3921 1863 4067 1904 anno

1018 1948 1417 2010 1796-1799
1437 1990 1452 2017 ,
1475 1938 1686 2005 ᾱθίιιᾶο’
1707 1945 1778 2007 ab
1814 1966 1962 2007 anno
1994 1949 2148 2009 1807
2170 1993 2185 2020 ,
2207 1954 2332 2030 poet
2351 1948 2539 2009 Ram
2574 1942 2787 2010 obitum
2821 1947 2889 2009 ad
2914 1965 3117 2009 annum
3145 1950 3321 2011 1817.
3374 1949 3645 2024 Septimus
3664 1947 3797 2008 huic
3812 1945 4070 2008 successit

1014 2050 1084 2109 ab
1139 2049 1251 2109 hoo
1301 2047 1432 2108 inde
1487 2054 1733 2130 temporo
1791 2029 1859 2109 ad
1922 2053 2074 2110 1835
2121 2050 2202 2110 Η.
2245 2057 2318 2112 Α.
2363 2051 2785 2123 Humanam,
2842 2058 2967 2132 post
3010 2053 3165 2129 cujus
3206 2057 3443 2110 mortem
3483 2058 3707 2111 octavus
3747 2049 4071 2130 sequebatur

1013 2153 1094 2213 H.
1114 2153 1185 2213 E.
1209 2151 1581 2212 Wmsansws
1611 2152 1683 2212 ab
1715 2171 1781 2212 eo
1819 2171 1966 2212 anno
2000 2151 2071 2212 ad
2102 2159 2372 2226 mortem,
2408 2152 2468 2214 in
2502 2175 2553 2214 a.
2581 2157 2737 2214 1844
2768 2154 3128 2214 incidentem.
3190 2154 3279 2214 De
3312 2153 3401 2214 his
3434 2153 3548 2215 vid.
3584 2153 3669 2214 M.
3692 2156 4069 2213 Susannam

1016 2254 1394 2315 Gescbiedenie
1445 2257 1543 2316 der
1595 2255 1860 2316 Leidscbe
1917 2257 2303 2332 Hooqeschool
2348 2259 2417 2330 Ι,
2470 2276 2527 2337 p.
2587 2261 2699 2317 345
2748 2263 2804 2317 et
2845 2277 3032 2337 seqq„
3092 2262 3149 2318 et
3189 2277 3243 2337 p.
3291 2261 3438 2328 364,
3497 2256 3594 2336 qui
3634 2261 3822 2316 tamen
3860 2253 3931 2316 de
3968 2255 4073 2312 hoe

1011 2359 1271 2431 Munere,
1314 2359 1394 2418 H.
1435 2362 1506 2418 A.
1549 2359 1958 2418 Sonumnxslo
1991 2363 2050 2418 et
2090 2359 2270 2418 tn'bus
2311 2358 2579 2439 proximis
2619 2361 3023 2420 successoribus
3064 2360 3359 2420 commisso
3376 2404 3393 2430 ,
3444 2378 3561 2419 non
3598 2359 3863 2438 loquitur,
3942 2355 4067 2416 Hos

1003 2471 1188 2521 tamen
1229 2461 1288 2521 id
1329 2460 1562 2538 gessisse
1601 2480 1671 2522 ex
1713 2461 1882 2521 Actis
1931 2465 2256 2521 Gur-acorum
2295 2451 2567 2522 annorum
2613 2464 3011 2525 1779-1799
3057 2469 3226 2544 patet.

1087 2565 1249 2624 Haec
1291 2566 1436 2625 Acta
1479 2565 1549 2624 ab
1593 2584 1742 2624 anno
1789 2566 1942 2626 1725
1987 2565 2263 2644 percurri,
2307 2571 2368 2626 ιιι
2409 2564 2471 2624 in
2510 2564 2677 2642 hujus
2718 2565 2971 2626 Muneris
3012 2566 3309 2641 oriqinem,
3363 2566 3631 2626 rationem
3669 2569 3727 2626 et
3762 2563 4069 2632 malim,

1006 2672 1255 2747 tempore
1311 2687 1422 2746 quo
1477 2665 1870 2726 instituebatur
1886 2709 1902 2738 ,
1955 2666 2324 2746 inquirerem,
2307 2689 2322 2704 ·
2381 2666 2479 2727 sed
2533 2687 2649 2728 non
2693 2669 2897 2741 multa,
2956 2689 3095 2748 quae
3138 2668 3277 2729 haec
3316 2671 3625 2741 illustrant,
3666 2666 3889 2744 inveni,
3873 2690 3887 2704 ·
3932 2685 4073 2745 quae

1005 2779 1192 2830 tamen
1246 2769 1615 2851 deprehendi,
1671 2769 1907 2830 tradam.
2003 2774 2149 2829 Acta
2189 2789 2389 2850 nempe
2429 2789 2521 2830 me
2560 2769 2866 2832 docuerunt
2904 2791 3152 2843 eausam,
3204 2792 3344 2850 quae
3386 2773 3685 2831 Curatores
3724 2767 4069 2838 incitaverit,

1001 2879 1066 2932 ιιι
1119 2873 1292 2932 hocce
1349 2873 1553 2934 Munus
1607 2873 1992 2945 instituerent,
2052 2877 2110 2932 et
2151 2871 2221 2932 de
2261 2891 2327 2932 eo
2369 2871 2713 2934 instituendo
2754 2880 2913 2947 tunc,
2956 2893 3059 2934 nec
3098 2881 3227 2934 ante
3269 2872 3652 2952 cogitaverint.
3736 2875 3884 2932 Am.
3922 2869 4071 2932 enim

1006 2977 1496 3049 Sonumansws,
1557 2983 1616 3037 ut
1669 2974 1878 3059 primus
1934 2974 2108 3036 hocce
2163 2973 2400 3035 Munere
2454 2976 2787 3048 ornabatur,
2838 2976 2921 3037 ita
2974 2976 3140 3037 etiam
3202 2975 3449 3055 ejusdem
3490 2981 3683 3037 auctor
3722 2973 3865 3035 mihi
3906 2973 4073 3034 fuisse

1003 3078 1237 3140 videtur.
1319 3079 1485 3141 Quod
1526 3086 1591 3142 ιιι
1631 3082 1893 3162 probem,
1949 3100 2037 3140 res
2076 3081 2239 3161 paulo
2284 3078 2449 3139 altius
2491 3079 2789 3160 repetenda
2830 3085 2933 3139 est.
3015 3082 3159 3141 Am.
3206 3083 3680 3151 Sonus-rausum,
3724 3083 3887 3138 natus
3928 3077 4073 3136 Gro-

1001 3182 1206 3259 ningae
1251 3185 1324 3241 21
1371 3180 1518 3260 Aug⁸
1567 3187 1718 3243 1686
1740 3228 1755 3256 ,
1803 3182 2017 3244 edenda
2071 3184 2222 3243 Diss.
2275 3185 2342 3243 de
2396 3183 2649 3243 utilitate
2690 3184 2911 3258 linquae
2952 3183 3229 3243 Arabicae
3265 3184 3327 3243 in
3368 3180 3785 3259 interpretanda
3820 3184 3880 3240 δ’.
3921 3178 4071 3239 sm·-

993 3286 1178 3361 pcurd
1194 3330 1211 3357 ,
1269 3304 1436 3365 quam
1493 3286 1705 3345 Aead··
1751 3287 2065 3365 Groning··
2107 3286 2394 3347 studiosus
2435 3307 2581 3347 anno
2637 3289 2793 3349 1706
2837 3286 3143 3358 scribebat,
3196 3286 3341 3346 viam
3383 3287 3789 3363 significaverat
3826 3282 4033 3361 regiam
4054 3310 4069 3335 υ

1007 3408 1150 3467 quae
1202 3387 1272 3447 ad
1327 3388 1608 3465 Linguam
1648 3389 1830 3450 Hebr.
1871 3390 2014 3450 bene
2049 3389 2394 3450 tractandam
2434 3388 2621 3460 ducit,
2675 3396 2732 3449 et
2768 3409 2934 3468 quam
2976 3395 3167 3469 postea
3206 3390 3324 3470 ipse
3364 3408 3579 3469 semper
3618 3386 3863 3448 tenebat.
3922 3383 4071 3445 Quia

1009 3495 1292 3570 praeterea
1346 3489 1712 3550 Arabicarum
1765 3490 2078 3551 Literarum
2133 3474 2314 3552 studio
2357 3492 2659 3567 flagrabat,
2716 3512 2831 3551 non
2868 3492 3073 3552 mirum
3112 3497 3226 3565 est,
3271 3512 3396 3553 eum
3438 3511 3585 3552 anno
3628 3493 3699 3553 17
3708 3494 3783 3550 09
3824 3484 4070 3565 Leydam

1011 3590 1212 3651 adiisse
1233 3637 1248 3665 ,
1294 3592 1386 3652 ubi
1404 3637 1419 3664 ,
1462 3598 1525 3653 ut
1565 3612 1690 3653 cum
1725 3593 1914 3653 nostra
1948 3592 2228 3653 Orientali
2261 3592 2615 3653 Bibliotheca
2651 3592 2907 3653 notitiam
2942 3594 3322 3665 contraheret,
3364 3612 3465 3673 per
3496 3589 3784 3652 biennium
3816 3588 4068 3666 degebat.

1007 3692 1198 3770 Hujus
1253 3694 1637 3756 Bibliothecae
1677 3693 1890 3755 deliciis
1931 3714 2096 3775 porro
2137 3714 2236 3776 per
2276 3694 2416 3755 alios
2457 3693 2594 3779 duos
2630 3714 2807 3757 annos
2848 3695 3161 3768 fruebatur,
3217 3696 3353 3756 dum
3391 3694 3453 3756 in
3492 3694 3675 3756 vicino
3717 3712 3861 3774 pago
3910 3692 4067 3751 Wac-

1015 3814 1214 3857 senaar
1268 3795 1558 3857 habitabat
1575 3842 1590 3870 ,
1645 3797 1744 3857 ubi
1797 3798 1973 3859 Verbi
2025 3798 2226 3858 Divini
2280 3797 2529 3859 Ministri
2572 3798 2805 3859 Munere
2844 3798 3193 3875 fungebatur.
3274 3798 3391 3859 Qui
3431 3818 3558 3858 eum
3598 3798 3707 3857 huc
3744 3802 4034 3858 vocaverat
4050 3838 4067 3863 ,

1015 3898 1152 3963 Joh.
1206 3898 1387 3960 Henr.
1443 3900 1646 3961 Comes
1697 3901 1768 3961 de
1822 3900 2150 3962 Wassenaer
2166 3948 2181 3976 ,
2236 3903 2423 3981 Eques
2440 3948 2455 3975 ,
2506 3902 2779 3962 Dominus
2834 3902 3199 3961 Wassenaerii
3217 3947 3231 3974 ,
3292 3900 3533 3961 Obdami
3550 3945 3565 3972 ,
3618 3904 3724 3959 cet.
3739 3943 3756 3972 ,
3812 3895 4069 3974 idemque

1017 4000 1196 4063 Acad.
1232 4002 1299 4063 L.
1345 4004 1414 4063 B.
1457 4002 1724 4077 Curator,
1769 4024 1895 4065 eum
1931 4004 1994 4065 in
2033 4025 2189 4067 suam
2229 4006 2541 4067 clientelam
2581 4012 2893 4085 receperat,
2938 4010 2993 4065 et
3032 4005 3363 4066 benevolum
3402 4022 3617 4084 semper
3656 4001 3764 4084 ipsi
3793 4001 3855 4060 in
3888 4006 4069 4079 poste·

1018 4124 1144 4166 rum
1199 4126 1260 4165 se
1313 4106 1619 4186 praestitit,
1677 4107 1814 4168 adeo
1867 4114 1932 4169 ιιι
1979 4111 2463 4188 Ξοιιυιτεκειιζε,
2520 4109 2650 4168 licet
2692 4108 2762 4167 ab
2805 4127 2951 4167 anno
2994 4110 3393 4169 1713-1729
3436 4107 3721 4166 Professor
3760 4104 4068 4180 Franeque·

1017 4228 1182 4269 ranas
1240 4210 1311 4270 ab
1365 4209 1462 4269 illo
1517 4215 1661 4271 esset
1716 4210 1989 4283 remotus,
2045 4210 2283 4271 amicum
2325 4230 2452 4271 eum
2490 4209 2722 4270 haberet
2760 4208 3157 4271 fidelissimum.
3238 4210 3423 4288 Hujus
3462 4208 3708 4285 benigno
3747 4205 3808 4265 in
3849 4206 4069 4265 Sem·

1024 4328 1300 4373 rnxswu
1355 4312 1541 4373 animo
1588 4313 1830 4374 maxime
1868 4312 2220 4374 tribuendum
2259 4333 2377 4374 esse
2415 4312 2646 4405 opinor,
2688 4312 2836 4392 quod
2874 4312 3060 4372 iterati
3102 4314 3167 4373 C.
3209 4314 3547 4384 Scaeua,
3588 4310 3795 4386 Lingg.
3838 4305 3967 4367 00.
4007 4305 4069 4365 in

1024 4415 1200 4505 Aeaci.
1243 4416 1312 4474 L.
1351 4416 1420 4476 B.
1462 4416 1794 4477 Professoris
1827 4416 2281 4488 extraordinarii,
2323 4422 2551 4477 conatus
2585 4417 2727 4476 irriti
2758 4434 2983 4496 prorsus
3016 4414 3389 4476 redderentur.
3472 4413 3644 4475 Vario
3676 4410 3845 4471 modo
3870 4428 4069 4489 nempe

1026 4514 1122 4575 hic
1175 4516 1470 4578 Curatores
1527 4539 1746 4580 movere
1799 4518 2086 4593 studebat,
2144 4526 2205 4581 ut
2259 4520 2433 4580 filium
2490 4521 2529 4579 J
2530 4536 2825 4583 onamvmr
2866 4519 3203 4581 Hsmuctm
3250 4520 3451 4595 λίπῃς.
3500 4518 3623 4578 ΟΟ.
3664 4518 3943 4575 Lector-em
3980 4512 4069 4571 vel

1035 4620 1156 4679 sine
1209 4620 1481 4703 stipendio
1529 4631 1776 4685 crearent
1814 4623 1988 4706 (vidd.
2034 4626 2178 4684 Acta
2223 4626 2254 4682 1
2292 4624 2459 4684 Febr.
2506 4622 2696 4695 1726,
2758 4628 2791 4683 8
2834 4622 3002 4683 Febr.
3044 4629 3101 4682 et
3145 4624 3175 4684 7
3222 4622 3363 4701 Maji
3408 4618 3609 4701 1727).
3692 4617 3803 4678 Sed
3840 4616 4069 4676 frustra!

1034 4722 1267 4782 Nullum
1327 4724 1618 4785 Curatores
1677 4727 1978 4807 perieulum
2033 4727 2098 4785 in
2149 4726 2306 4786 mora
2358 4745 2477 4787 esse
2523 4724 2881 4804 judicabant,
2938 4747 3004 4787 ac
3058 4726 3255 4786 melius
3308 4744 3427 4786 esse
3482 4722 3804 4794 censebant,
3856 4720 3905 4779 si
3952 4720 4065 4789 vir,

1033 4828 1235 4903 Linqq.
1294 4828 1418 4888 00.
1473 4828 1658 4891 studio
1709 4832 1940 4903 celeber,
1993 4830 2132 4891 daca
2181 4830 2461 4893 occasione
2475 4876 2490 4902 ‚
2541 4830 2651 4892 hoc
2706 4829 2928 4893 Munere
2984 4837 3270 4893 ornaretur
3284 4874 3300 4903 ,
3354 4828 3755 4908 sufficientique
3797 4821 4069 4899 stipendio
