4766 6034
1707 600 2093 669 saulus
2187 589 2843 670 LECTIONU'M.
3665 605 3791 670 129

952 808 1440 886 oeconomiam
1497 809 1796 883 ruralem
1840 809 2109 898 tradet,
2157 807 2406 883 diebus
2449 809 2696 888 Martis
2743 818 2812 885 et
2851 807 3048 884 Jovis
3068 865 3087 898 ,
3177 867 3194 883 .
3248 866 3266 884 .
3323 867 3340 884 .
3394 810 3562 886 hora
3615 810 3786 886 XII.

950 927 1441 1028 Experimenta
1489 928 1901 1003 instituendi
1938 931 2158 1003 artem
2204 928 2514 1019 docebit,
2563 939 2633 1004 et
2668 930 3011 1006 Exercitia
3053 929 3352 1028 practica

1044 1051 1119 1124 in
1157 1048 1609 1127 Laboratorio
1657 1049 2127 1124 moderabitur
2175 1049 2507 1147 quotidie.

952 1171 1137 1246 Cum
1188 1171 1534 1262 Studiosis
1585 1170 2123 1270 provectioribus
2170 1170 2259 1245 de
2306 1170 2745 1271 Physiologiss.
2791 1169 3102 1270 chymica
3139 1171 3344 1246 collo-

1042 1297 1299 1390 quetur
1316 1347 1336 1381 ,
1386 1291 1500 1366 die
1542 1291 1831 1366 Veneris
1850 1349 1871 1381 ‚
1919 1291 2087 1364 hora.
2128 1291 2519 1390 vespertina
2533 1349 3351 1380 ............
3417 1290 3787 1366 V-V111,

761 1413 847 1487 G.
900 1410 967 1485 J.
1017 1409 1341 1485 Vnnmm
1406 1411 1769 1487 Elementa
1824 1411 2259 1485 Geometriae
2316 1411 2564 1510 planae
2605 1419 2676 1486 et
2725 1410 3343 1510 Trigonometriam

855 1528 1125 1627 planam
1183 1530 1449 1618 tradet,
1501 1529 1613 1604 die
1661 1529 1854 1605 Jovis
1873 1587 3340 1620 .....................
3677 1530 3750 1602 Χ
3769 1587 3790 1618 ,

1144 1637 2542 1738 etdieVeneriS,...........
2598 1705 3343 1726 ...........
3488 1647 3789 1722 ΙΧ-Χ,

949 1749 1503 1844 Stereometriam
1537 1777 1608 1844 et
1639 1768 2257 1870 Tnigonometriam
2296 1769 2723 1869 sphaericam
2766 1768 3076 1857 docebit,
3107 1768 3356 1844 diebus

1042 1888 1235 1963 Jovis
1282 1896 1353 1963 et
1401 1888 1725 1976 Veneria,
1789 1949 1806 1966 .
1880 1949 1896 1965 .
1953 1915 1974 1964 .·
2026 1945 3351 1966 ...................
3583 1887 3786 1962 VIII.

944 2008 1473 2083 Arithmeticam
1540 2009 2033 2100 universalem,
2106 2009 2249 2084 sive
2312 2009 2728 2108 Algebram,
2784 2007 3050 2096 tradet,
3102 2007 3352 2084 diebus

1038 2129 1289 2203 Martis
1340 2137 1411 2202 et
1451 2130 1783 2204 Mercurii
1801 2183 3345 2219 ......................
3568 2127 3789 2215 VIII,

1138 2255 1208 2322 et
1258 2248 1373 2322 die
1415 2248 1462 2320 J
1464 2273 1651 2338 ovls
1726 2306 2622 2326 .............
2645 2241 2653 2249 ’
2678 2305 3349 2325 ..........
3603 2247 3788 2324 ΙΧ.

943 2367 1409 2443 Geometriam
1445 2367 1889 2467 analyticam,
1930 2368 2295 2444 Calculum
2333 2367 2858 2443 differentialem
2878 2426 2898 2457 ,
2948 2374 3020 2442 et
3061 2367 3374 2442 Mecha-·

1038 2487 1266 2562 nicam
1311 2488 1675 2578 tractabit,
1725 2487 1975 2562 diebus
2022 2494 2094 2563 et
2141 2488 2327 2563 horis
2347 2547 2368 2577 ,
2417 2496 2658 2589 postea
2699 2485 3110 2563 indicandis,
3152 2525 3160 2535 ·

946 2606 1227 2682 Scholas
1267 2608 1767 2708 paedagogicas
1809 2608 2135 2699 habebit,
2184 2609 2298 2684 die
2340 2610 2625 2699 Lunae,
2676 2608 2844 2683 hora
2891 2606 3275 2682 commoda.

752 2727 830 2799 1⁴¹.
877 2725 1167 2802 Kauana
1201 2727 1716 2804 Astronomiam
1754 2729 2200 2804 theoreticam
2242 2728 2508 2818 tradet,
2553 2727 2802 2804 diebus
2841 2728 3116 2815 Lunae,
3158 2728 3348 2802 Mar·

848 2845 978 2935 tis,
1026 2845 1360 2920 Mercurii
1407 2853 1477 2920 et
1523 2847 1570 2919 J
1572 2873 1717 2923 ovis
1732 2904 3347 2936 .......................
3653 2843 3788 2919 ΙΧ.

943 2964 1458 3039 Astronomiam
1505 2964 1878 3063 practicam
1926 2964 2175 3043 iisdem
2221 2963 2510 3056 diebus,
2580 3023 2598 3041 .
2673 3025 2689 3043 .
2745 3025 2762 3044 .
2820 3025 2838 3044 .
2890 2997 2913 3043 τ
2967 3020 3350 3043 ......
3695 2963 3788 3038 Χ.

947 3083 1501 3187 Astronomiam,
1539 3109 1752 3183 quam
1795 3086 2197 3185 popularem
2237 3093 2522 3175 vocant,
2553 3085 2813 3175 tradet,
2841 3084 3089 3161 diebus
3111 3084 3354 3160 Lunae

1042 3210 1115 3279 et
1164 3203 1358 3278 Jovis
1380 3261 1399 3293 ,
1448 3203 1616 3278 hora
1663 3204 2085 3305 vespertina,
2154 3263 2170 3280 .
2243 3260 3348 3281 ................
3701 3203 3786 3276 V.

942 3321 1113 3397 Post
1148 3306 1353 3398 ferias
1386 3322 1740 3422 paschales
1790 3330 2027 3401 autem
2073 3323 2241 3399 hora
2288 3323 2592 3423 quddam
2621 3324 2966 3401 matutina
2983 3384 3004 3415 ,
3053 3322 3347 3399 Audito-

1046 3442 1243 3518 ribus
1288 3444 1673 3519 commoda.
3077 3430 3084 3437 ⁶

942 3560 1304 3635 Theoriam
1349 3570 1580 3637 motus
1619 3587 1981 3662 corporum
2020 3566 2422 3641 coelestium
2441 3623 2460 3655 ,
2511 3574 2582 3639 et
2623 3564 3138 3663 disquisitiones
3176 3563 3345 3639 sele-

1040 3688 1187 3756 ctas
1228 3680 1315 3755 de
1353 3682 1989 3782 perturbationibus
2008 3742 2029 3774 ‚
2062 3709 2237 3784 quas
2278 3692 2512 3760 motus
2552 3709 2915 3785 corporum
2946 3674 3345 3759 coelestium

1041 3800 1439 3899 patiuntur,
1491 3803 1672 3902 aptis
1719 3804 1905 3879 horis
1954 3806 2554 3882 commentabitur.
3125 3826 3135 3835 ‘

950 3920 1287 4020 Singulos
1340 3946 1501 3997 suos
1548 3923 1922 4000 Auditores
1941 3984 1962 4016 ‚
2012 3926 2103 4001 ad
2148 3926 2416 4001 coelum
2436 3983 2457 4015 ‚
2516 3925 2675 4000 tubi
2713 3925 2925 4024 optici
2968 3950 3135 4024 ope,
3184 3948 3336 4022 per·

1040 4040 1482 4116 lustrandum
1503 4099 1524 4131 ‚
1546 4136 1551 4141 ἡ
1573 4043 1753 4141 aptis
1802 4032 2231 4143 temporibus
2280 4042 2611 4118 evocabit.

943 4158 1135 4233 Artis
1182 4158 1590 4236 observandi
1640 4162 1979 4237 exercitiis
2025 4163 2337 4263 quotidie
2385 4161 2701 4261 praeerit.

728 4276 843 4349 ·G.
912 4276 1011 4353 H.
1074 4302 1171 4353 nn
1235 4279 1513 4357 ansn
1579 4282 2132 4383 Phytographiae
2180 4281 2634 4357 fundamenta
2680 4279 2905 4355 tradet
2949 4278 3338 4355 autumnali

849 4403 1152 4495 tempore
1173 4457 1194 4489 ‚
1246 4399 1538 4501 singulis
1586 4402 1834 4477 diebus
1852 4460 1873 4492 ,
1939 4454 3336 4479 ....................
3677 4399 3775 4471 ΙΙ.

942 4516 1344 4595 Plantarum
1386 4521 1872 4623 indigenarum
1901 4531 1974 4598 et
2011 4523 2279 4598 medica
2322 4522 2576 4597 virtute
2612 4517 3078 4619 praeditarum
3120 4517 3333 4592 histo-

1038 4638 1211 4713 riam
1253 4640 1662 4731 illustrabit,
1711 4667 1919 4717 verno
1966 4652 2037 4718 et
2080 4643 2337 4718 aestivo
2376 4652 2719 4740 tempore,
2761 4637 3010 4714 diebus
3043 4636 3332 4729 iisdem,
3417 4726 3428 4735 ,
3605 4638 3770 4715 VII.

944 4755 1447 4861 Physiolog‘iam
1464 4761 1856 4861 plantarum
1874 4769 2191 4862 exponet,
2211 4762 2393 4840 dieb.
2406 4762 2860 4853 Lun.,Mart.,
2873 4758 3090 4835 Merc.
3103 4767 3174 4835 et
3182 4758 3229 4833 J
3230 4782 3337 4834 ov,
3675 4758 3774 4831 ΙΙ.

833 4913 837 4916 ’
3245 4882 3336 4954 17
