4766 6034
1119 546 1205 611 40
2192 551 2440 619 ACTA
2500 552 2602 617 IN
2661 552 3068 623 SENATU.

1559 754 1827 829 Futuro
1873 754 2153 831 Rectori
2199 760 2602 835 Assessorea
2651 762 3208 837 constituuntur:

2190 923 2261 1000 J.
2312 948 2410 998 nn
2456 923 2671 1000 Wn..

2194 1042 2261 1114 J.
2312 1042 2414 1118 H.
2464 1043 2875 1120 Sononrmr.

2196 1162 2284 1233 G.
2337 1161 2436 1236 H.
2489 1184 2584 1235 nn
2631 1162 2934 1237 ansn.

2189 1280 2296 1354 M.
2351 1304 2447 1355 nn
2492 1280 2750 1357 annS.

1112 1471 1244 1545 Die
1308 1476 1353 1547 8
1450 1473 1831 1549 Februarii.
1954 1474 2207 1551 lectae
2291 1482 2457 1549 sunt
2535 1477 2770 1552 literae
2849 1476 3266 1553 Curatorum
3285 1536 3306 1565 ,
3391 1478 3700 1579 Regium
3776 1478 4151 1555 Decretum

1455 1596 1571 1668 31i
1610 1594 1657 1666 J
1659 1592 1929 1667 anuarii
1970 1595 2318 1670 tradentes
2340 1654 2359 1683 ‚
2411 1620 2551 1695 quo
2584 1596 3003 1693 Academiae
3049 1598 3305 1672 Rector
3345 1597 3767 1697 Magnificus
3805 1599 3881 1673 in
3925 1602 4149 1698 proxi-

1452 1738 1651 1788 mum
1706 1738 1970 1788 annum
2014 1715 2512 1791 Academicum
2563 1723 2831 1792 creatur
2877 1716 3006 1789 Vir
3049 1716 3154 1793 Ol.
3193 1718 3274 1793 F.
3320 1719 3408 1793 G.
3457 1716 3828 1793 Kamenn.

1548 1954 1804 2026 Rector
1866 1954 2110 2042 refert,
2176 1955 2249 2028 in
2300 1963 2644 2032 conventu
2695 1958 3114 2031 Curatorum
3160 1980 3334 2033 cum.
3367 1958 3664 2031 Rectore
3707 1964 3778 2031 et
3829 1958 4148 2031 Assesso·
4271 2004 4280 2012 -

1448 2074 1680 2161 ribus,
1754 2099 1791 2148 e
1858 2072 2263 2149 Candidatis
2334 2077 2714 2176 designatis
2782 2075 3195 2151 Actuarium
3265 2076 3340 2149 in
3413 2074 3812 2175 proximum
3886 2100 4148 2153 annum

1443 2192 1937 2269 Academicum
1984 2194 2241 2271 lectum
2290 2218 2440 2269 esse
2488 2194 2742 2269 Virum
2791 2193 2899 2269 01.
2951 2194 3032 2269 Τ.
3086 2194 3174 2268 G.
3226 2194 3295 2268 J.
3346 2194 3393 2266 J
3399 2217 3756 2269 crunon..

1538 2434 1797 2508 Rector
1829 2459 1990 2509 cum
2038 2435 2300 2509 Senatu
2341 2432 2722 2531 ceterisque
2763 2432 3272 2507 Professoribus
3320 2432 3392 2505 in
3429 2430 3880 2507 Auditorium
3919 2433 4142 2532 majus

1450 2553 1827 2628 descendit.
1939 2552 2045 2629 Cl.
2094 2554 2283 2627 K1s¹r
2305 2611 2324 2640 ‚
2395 2552 2813 2651 aegrotantis
2855 2551 3169 2627 Actuarii
3216 2550 3434 2625 vicem
3477 2576 3762 2651 gerens,
3810 2576 3936 2651 pro
3986 2550 4141 2627 con-

1447 2672 1643 2747 cione
1695 2674 1866 2771 legit
1907 2672 2247 2771 primumz
2298 2672 2515 2771 Regis
2553 2673 2929 2745 Decretum
2967 2673 3054 2746 de
3093 2672 3386 2745 Rectore
3432 2672 3506 2746 in
3544 2696 3806 2747 annum
3850 2697 4138 2772 sequen-

1443 2800 1589 2867 tem
1638 2800 1867 2868 creato
1887 2852 1907 2881 ,
1978 2798 2049 2867 et
2096 2792 2377 2867 nomina
2438 2792 2830 2892 promulgat
2887 2798 3037 2866 tum
3087 2792 3572 2881 Assessorum,
3633 2817 3811 2867 novo
3864 2792 4138 2867 Rectori

1452 2911 1846 2987 additurum
1868 2972 1887 2999 ‚
1962 2918 2118 2986 tum
2186 2913 2484 2985 Senatus
2540 2910 2941 2986 Academici
2988 2911 3339 3000 Actuarii;
3406 2911 3655 2987 deinde
3706 2936 4137 3013 programma

1444 3033 1686 3108 recitat
1733 3034 2125 3112 certaminis
2173 3033 2490 3109 Literarii
2508 3090 2530 3122 ,
2579 3057 2620 3107 a
2666 3032 2960 3107 Rectore
3011 3039 3081 3106 et
3131 3033 3395 3108 Senatu
3441 3033 3702 3108 indicti.

1532 3273 1789 3346 Rector
1832 3272 2253 3372 Magnificus
2269 3331 2290 3361 ,
2340 3232 2580 3347 habita
2625 3270 2931 3346 oratione
2977 3274 3063 3346 de
3116 3273 3422 3348 Codicum
3478 3273 3926 3347 Orientalium
3945 3329 3966 3360 ,
4013 3273 4131 3372 qui
4243 3269 4249 3274 ’
4311 3291 4318 3302 ·

1438 3393 1512 3463 in
1554 3391 1934 3464 Academid
1973 3393 2626 3504 Luyduno-Batava‘
2676 3398 3036 3465 servantur
3052 3449 3074 3478 ,
3121 3393 3564 3468 Bibliotheca
3569 3450 3590 3479 ,
3639 3415 3720 3466 ac
3751 3390 3912 3466 fatis
3960 3391 4128 3464 Aca-

1438 3507 1702 3586 demiae
1750 3508 1870 3612 huj
1878 3534 1961 3584 us
2009 3511 2175 3586 anni
2219 3508 2811 3600 commemoratis,
2859 3510 3358 3608 Magistratum
3405 3509 3796 3587 Successori
3842 3509 4071 3584 tradit.

1535 3747 1815 3819 Novum
1878 3747 2241 3823 Rectorem
2304 3748 2762 3850 Magnificum
2826 3749 3252 3826 Professores
3309 3749 3384 3822 in
3443 3747 3860 3826 Senaculum
3911 3747 4122 3823 dedu-

1436 3873 1604 3940 cunt
1652 3874 1722 3939 et
1772 3866 2094 3976 salutant.
