4766 6034
1554 653 1941 720 SERIES
2030 649 2685 718 LEGTIONUM.
2819 659 2828 670 '
3509 646 3636 714 127

804 863 1139 938 Ordinem
1184 861 1231 936 J
1236 860 1619 937 udiciorum
1658 859 2140 936 criminalium
2158 919 2179 948 ,
2226 859 2476 934 diebus
2497 859 2740 935 Lunae
2756 915 2776 946 ,
2827 855 3078 931 Martis
3123 863 3194 930 et

898 980 1265 1070 Mercurii,
1342 1038 1361 1057 .
1436 1035 3191 1056 .........................
3245 976 3410 1050 hora
3465 971 3635 1050 XII.

608 1103 674 1175 J.
727 1125 821 1174 nn
866 1099 1060 1173 WA1.
1098 1098 1472 1199 explicabit
1524 1098 2143 1199 Eneyelopaediam
2202 1103 2275 1172 et
2328 1096 2919 1195 Methodologiam
2969 1095 3014 1169 J
3021 1095 3160 1171 uris
3175 1156 3194 1184 ,

706 1219 952 1294 diebus
993 1219 1275 1306 Lunae,
1325 1217 1575 1293 Martis
1624 1227 1697 1293 et
1743 1218 2116 1306 Mercurii,
2208 1277 2223 1292 .
2310 1274 3198 1292 .............
3505 1215 3635 1290 ΙΧ.

802 1339 1191 1414 Historiam
1238 1337 1285 1412 J
1293 1363 1433 1412 uns
1477 1339 1779 1413 Romani
1826 1338 2208 1426 enarrabit,
2250 1337 2501 1411 iisdem
2538 1335 2820 1425 diebus,
2891 1395 3195 1412 .....
3543 1335 3636 1408 Χ.

800 1459 845 1530 J
852 1485 933 1532 us
985 1458 1480 1532 Mercatorium
1527 1473 1867 1557 exponet,
1916 1457 2030 1531 die
2077 1458 2124 1530 J
2126 1481 2311 1546 ovis
2378 1514 3197 1531 ............
3445 1455 3640 1542 XII,

996 1586 1068 1653 et
1118 1578 1229 1652 die
1279 1577 1566 1652 Veneris
1580 1627 3200 1667 .......................
3255 1576 3636 1650 ΙΧ-ΧΙΙ,

798 1697 1180 1772 Historiam
1243 1696 1290 1771 J
1296 1722 1436 1772 uns
1494 1696 1571 1772 in
1632 1695 1867 1772 Patria
1911 1696 2189 1784 nostra,
2236 1696 2401 1770 inde
2452 1695 2542 1770 ab
2593 1695 2866 1770 Unione
2919 1695 3196 1771 Rheno·

898 1817 1295 1918 trajectinfi,
1344 1816 1572 1893 tradet
1614 1815 1864 1890 diebus
1912 1815 2189 1902 Lunae,
2243 1815 2495 1889 Martis
2540 1822 2610 1889 et
2659 1815 2886 1904 Jovis,
2964 1875 2979 1891 .
3036 1874 3052 1889 .
3105 1873 3123 1890 .
3179 1876 3193 1890 .
3551 1815 3638 1889 V.

612 1938 682 2012 S.
728 1937 1129 2012 V1ssnamo
1172 1938 1593 2014 Statisticam
1630 1937 1893 2038 patriae
1920 1936 2333 2035 explicabit,
2364 1935 2610 2011 diebus
2641 1936 2882 2010 Lunae
2903 1994 2922 2024 ,
2952 1935 3200 2011 Martis

706 2067 775 2132 et
822 2057 1185 2146 Mercurii,
1263 2116 1279 2134 .
1360 2113 3201 2142 ..........................
3584 2060 3643 2134 Ι.

802 2177 1183 2252 Historiam
1231 2179 1549 2276 Europae
1597 2177 2151 2312 diplomaticam,
2200 2176 2449 2250 iisdem
2499 2176 2746 2250 diebus
2762 2233 3201 2263 .......
3543 2178 3644 2251 11.

804 2297 1291 2372 Oeconomiam
1339 2298 1729 2397 politicam,
1780 2297 1893 2372 die
1943 2299 1988 2369 J
1990 2323 2135 2372 ovis
2184 2304 2255 2370 et
2305 2296 2418 2369 die
2467 2295 2796 2383 Veneris,
2872 2353 2889 2370 .
2963 2352 2979 2370 .
3269 2382 3278 2390 ‚
3407 2296 3644 2370 1-11,

805 2416 1021 2492 Locos
1073 2417 1359 2492 selectos
1402 2443 1488 2491 ex
1534 2417 1955 2492 Oeconomia
1998 2416 2277 2515 politica
2332 2424 2404 2490 et
2450 2408 2798 2490 Statistica
2843 2355 3204 2504 tractabit,

906 2537 1017 2610 die
1066 2536 1354 2611 Veneris
1372 2593 3204 2624 ..........................
3513 2537 3644 2612 ΙΧ.

1530 2773 2027 2850 FACULTAS
2076 2775 2732 2850 THEOLOGICA.

612 3013 733 3087 W.
776 3013 859 3088 A.
908 3036 1053 3088 vAN
1098 3012 1452 3102 HENGEL,
1495 3022 1853 3112 provectae
1898 3015 2141 3091 aetatis
2166 3015 2375 3090 causa
2401 3015 2576 3091 rude
2605 3014 2938 3104 donatuS,
2991 3039 3207 3113 quan·

718 3140 866 3207 tum
909 3158 1035 3232 per
1084 3134 1259 3207 vires
1302 3132 1569 3223 licebit,
1626 3136 2047 3210 Academiae
2099 3135 2401 3211 alumnis
2453 3135 2776 3235 prodesse
2819 3134 3200 3210 conabitur.

810 3252 991 3326 Cum
1069 3251 1481 3351 Theologiae
1554 3252 1881 3327 studiosis
1957 3253 2503 3351 provectioribus
2576 3254 2664 3327 de
2730 3254 2933 3329 variis
3004 3255 3213 3329 rebus

904 3371 1235 3470 gravioris
1298 3371 1691 3469 argumenti
1738 3371 2165 3445 familiariter
2209 3370 2640 3469 colloquetur
2657 3430 2680 3461 ‚
2731 3372 2846 3447 die
2889 3371 3210 3462 Veneris,
3317 3392 3326 3399 ·
3525 3368 3648 3447 VI.

608 3490 707 3563 N.
753 3490 829 3564 C.
876 3490 1062 3564 K1s'r
1104 3489 1486 3565 Historiam
1532 3491 2083 3567 Ecclesiasticam
2126 3491 2402 3567 docebit
2437 3492 2778 3591 imprimis
2815 3493 3173 3593 antiquam
3194 3552 3213 3582 ,

715 3609 955 3684 diebus
1002 3609 1245 3683 Lunae
1266 3668 1287 3699 ,
1336 3610 1587 3685 Martis
1636 3616 1708 3683 et
1752 3610 2085 3685 Mercurii
2103 3666 3210 3699 ................
3481 3610 3651 3687 XII.

808 3729 1237 3803 Christianae
1276 3731 1561 3803 Morum
1608 3729 2033 3829 Disciplinae
2078 3737 2344 3828 partem
2389 3739 2688 3829 exponet
2728 3730 3100 3830 practicam
3139 3738 3212 3807 et

902 3849 1263 3924 asceticam
1283 3907 1304 3939 ,
1356 3850 1602 3923 diebus
1650 3850 1931 3937 Lunae,
1980 3850 2314 3925 Mercurii
2366 3859 2438 3924 et
2487 3849 2777 3926 Veneris
2797 3911 2816 3940 ‚
2896 3908 3205 3927 .....
3519 3851 3650 3927 XI.

809 3969 1177 4044 Doctrinae
1252 3977 1323 4043 et
1385 3968 1817 4068 Dogmatum
1882 3970 2434 4046 Christianorum
2493 3970 2878 4048 Historiam
2941 3971 3208 4060 tradet,
3343 4035 3350 4041 .

908 4088 1155 4161 diebus
1201 4087 1400 4161 Jovis
1448 4096 1520 4161 et
1567 4087 1895 4177 Veneris,
1983 4147 2000 4163 .
2067 4147 3182 4167 ................
3478 4091 3649 4165 XII.

814 4206 1159 4281 Historiae
1232 4207 1749 4283 Ecclesiasticae
1825 4207 2096 4283 Veteris
2167 4218 2619 4284 monumenta
2683 4227 2980 4309 exponet
2997 4268 3018 4299 ,
3096 4210 3209 4285 die

901 4326 1150 4400 Martis
1174 4383 1193 4415 ,
1270 4382 1287 4403 .
1368 4384 3194 4407 ..........................
3511 4328 3643 4403 ΧΙ.

812 4446 1258 4521 Orationibus
1306 4447 1529 4522 Sacris
1575 4442 1869 4546 praeerit
1888 4506 1909 4537 ,
1958 4448 2071 4523 die
2112 4447 2363 4523 Martis
2383 4502 2408 4543 ‚
2461 4504 3204 4525 ...........
3543 4448 3644 4521 ΙΙ.

605 4567 683 4645 J.
734 4564 830 4639 H.
882 4566 1267 4640 Senonum
1316 4568 1801 4666 Dogmaticam
1849 4567 2309 4643 Christianam
2354 4569 2621 4658 tradet,
2671 4567 2920 4641 diebus
2960 4566 3202 4641 Lunae

716 4692 791 4757 et
830 4684 1152 4776 Veneris,
1226 4741 2836 4767 .......................
2890 4746 2906 4763 .
2961 4743 2982 4764 .
3034 4743 3057 4766 .
3109 4746 3124 4763 .
3181 4744 3199 4762 .
3523 4688 3646 4776 X,

1008 4815 1080 4880 et
1120 4805 1369 4883 diebus
1411 4809 1661 4883 Martis
1704 4816 1775 4883 et
1814 4808 2007 4883 Jovis
2026 4863 3198 4897 .................
3513 4807 3642 4883 ΧΙ.
