4766 6034
1920 627 2476 697 ORATIO.
3575 628 3702 696 281

672 836 1109 936 aliquatenus
1126 894 1147 926 ,
1217 837 1479 913 litteras
1524 837 1847 936 antiquas
1884 861 2025 914 non
2078 838 2285 913 utiles
2332 860 2485 912 esse
2536 858 2620 909 eo
2663 854 2874 907 sensu
2891 889 2914 920 ,
2978 856 3120 932 quo
3159 856 3350 907 nunc
3399 834 3542 909 fere
3591 835 3698 910 in-

672 955 997 1053 telligunt
1012 1012 1034 1044 ,
1103 980 1232 1031 nec
1308 957 1452 1031 iam
1522 956 1727 1031 hodie
1802 944 2028 1059 n‘eque
2066 958 2199 1033 ·ad
2268 980 2436 1055 opes
2509 952 2942 1054 singulorum
3003 950 3359 1050 augendas
3378 1011 3399 1041 ,
3473 974 3702 1054 neque

670 1072 763 1147 ad
832 1071 1131 1149 civitatis
1196 1073 1506 1174 regimen
1582 1081 1709 1153 aut
1774 1072 2243 1149 multitudinis
2304 1073 2576 1149 cultum
2643 1072 2908 1172 ingenii
2969 1072 3272 1147 multum
3330 1072 3662 1151 interesse
3679 1134 3700 1164 ,

673 1198 911 1265 utrum
1002 1192 1079 1267 in
1160 1194 1405 1269 eadem
1486 1192 1763 1269 civitate
1840 1193 2131 1269 Latinae
2218 1195 2658 1291 Graecaeque
2741 1192 3006 1267 litterae
3092 1192 3382 1267 floreant
3457 1216 3696 1269 necne.

670 1312 855 1385 Eant
924 1310 1063 1385 iam
1084 1368 1105 1400 ,
1184 1319 1657 1411 quaerantque
1728 1312 1935 1388 aliam
2006 1299 2356 1412 quamvis*
2394 1311 2827 1411 disciplinam
2855 1368 2876 1401 ,
2938 1335 3116 1410 quae
3187 1318 3293 1386 tot
3370 1318 3700 1411 tantaque

671 1428 1055 1504 concedens
1122 1430 1549 1519 inveniatur3
1628 1430 2055 1529 reperientur
2132 1428 2376 1529 opinor
2450 1428 2833 1527 permultae
2851 1484 2872 1516 ,
2946 1452 3124 1526 quae
3199 1453 3427 1528 neque
3503 1455 3698 1530 prae-

670 1548 1032 1623 teritorum
1104 1549 1309 1627 laude
1384 1549 1645 1649 insigni
1712 1556 2003 1625 utantur
2066 1555 2138 1622 et
2195 1547 2596 1628 etiamnunc
2654 1547 3243 1623 demonstraturae
3302 1572 3502 1625 suam
3563 1552 3704 1625 sint

670 1668 1207 1765 praestantiam,
1288 1694 1466 1768 quae
1536 1678 1769 1743 tamen
1849 1676 2069 1743 semet
2130 1668 2319 1767 ipsas
2381 1666 2802 1743 admirantes
2868 1666 3054 1741 hunc
3125 1666 3492 1743 candorem
3559 1694 3702 1744 non

668 1786 1151 1863 imitabuntur.
1286 1790 1437 1863 Noa
1502 1786 1721 1887 igitur
1782 1788 1844 1862 si
1903 1788 2091 1922 ‘quid
2150 1787 2593 1863 retinendum
2659 1810 3053 1875 censemus,
3119 1786 3182 1861 si
3253 1787 3456 1863 nobis
3528 1788 3702 1888 quid

671 1905 897 2041 abripi
956 1931 1097 1982 non
1168 1909 1513 2007 patimur,
1588 1933 1673 1983 eo
1736 1906 1959 2005 magis
2024 1908 2357 1983 audiendi
2431 1930 2721 1994 sumus,
2792 1905 3120 2040 quoniam
3195 1930 3325 1982 nec
3405 1908 3704 2007 denega-

672 2026 899 2102 vimus
958 2052 1137 2127 quae
1200 2029 1351 2103 iure
1414 2029 1912 2129 poscebantur,
1974 2050 2522 2127 possemusque‚
2585 2026 2646 2100 si
2710 2023 3020 2113 luberet,
3081 2024 3224 2100 iam
3283 2050 3473 2103 nunc
3546 2036 3707 2126 post

674 2146 887 2221 vitam
954 2146 1415 2223 diutissimam
1484 2172 1713 2247 neque
1780 2147 2145 2247 ingloriam
2206 2147 2492 2220 honeste
2550 2144 2770 2243 perire
2788 2198 2811 2233 ,
2861 2144 3002 2217 sive
3063 2168 3344 2220 arenam
3364 2203 3384 2234 ‚
3435 2146 3497 2220 si
3547 2147 3706 2244 quis

670 2262 749 2337 id
818 2264 1055 2353 malit,
1118 2264 1507 2342 iunioribus
1568 2267 1975 2365 relinquere.
2104 2266 2247 2341 Sed
2308 2266 2710 2341 etiamnunc
2777 2272 3148 2361 supersunt
3204 2264 3380 2339 vires
3393 2322 3414 2353 ,
3475 2289 3704 2364 neque

674 2383 874 2458 aliter
944 2386 1409 2460 concessimus
1489 2410 1701 2485 quam
1772 2385 1833 2460 si
1894 2383 2518 2485 obtemperandum
2598 2384 2730 2458 erit
2793 2406 3074 2459 normae
3151 2382 3562 2471 hodiernae,
3628 2386 3705 2459 in

682 2528 897 2601 quam
942 2504 1167 2603 ipsam
1208 2506 1595 2581 accuratius
1636 2528 1825 2579 nunc
1872 2504 2159 2602 quidem
2198 2528 2335 2577 non
2385 2502 2860 2602 inquiremus,
2909 2508 2982 2575 et
3019 2500 3221 2577 cuius
3266 2501 3532 2599 absque
3561 2503 3706 2577 ullo

680 2621 901 2696 dubio
960 2622 1139 2698 hanc
1208 2625 1453 2700 saltem
1496 2632 1779 2759 partem
1848 2646 1989 2701 non
2046 2622 2566 2698 observabimus
2623 2622 2684 2695 si
2725 2645 2906 2720 quae
2957 2620 3134 2744 torte
3172 2620 3276 2695 nil
3313 2620 3528 2705 fuerit
3568 2622 3707 2696 nisi
3735 2680 3760 2697 .

676 2741 1179 2839 praetereuntis
1220 2742 1360 2818 diei
1402 2743 1637 2843 opinio
1677 2741 2049 2844 popularis.
2147 2743 2311 2816 Non
2342 2741 2838 2816 intermortuae
2871 2734 3043 2815 sunt
3078 2739 3352 2833 litterae
3387 2747 3702 2835 nostrae,

674 2885 909 2961 neque
980 2862 1295 2937 studium
1355 2863 1827 2963 antiquitatis,
1897 2862 2088 2961 qu'od
2154 2859 2386 2967 magis
2433 2884 2808 2959 apparere,
2865 2868 2937 2934 et
2981 2859 3252 2935 firmius
3303 2858 3534 2935 evinci
3583 2882 3706 2934 ne

680 2981 839 3080 quit
863 3039 885 3070 ,
932 3005 1147 3082 quam
1198 2982 1261 3056 si
1302 2982 1855 3060 demonstremus
1874 3040 1895 3070 ,
1945 2981 2124 3057 hanc
2164 2979 2600 3080 disciplinam
2645 2979 2754 3055 vel
2802 3002 2992 3054 nunc
3010 3037 3031 3068 ‚
3081 2987 3240 3079 post
3283 2985 3392 3054 tot
3433 2980 3707 3056 saecula

679 3109 752 3186 et
821 3107 1053 3176 tantas
1120 3103 1353 3176 rerum
1408 3102 1926 3178 immutationes
1946 3159 1969 3188 ,
2036 3101 2263 3175 locum
2328 3123 2538 3173 suum
2587 3099 2664 3172 in
2718 3099 3171 3174 informandis
3225 3099 3524 3197 ingeniis
3546 3157 3566 3186 ,
3637 3106 3710 3172 et

676 3227 913 3294 mente
988 3219 1294 3296 humana
1364 3221 1739 3297 excolenda
1804 3221 1935 3295 rite
1998 3218 2179 3294 tueri
2195 3278 2217 3306 ,
2284 3225 2355 3293 et
2417 3217 2703 3316 quidem
2759 3219 2858 3294 sic
2871 3276 2892 3307 ‚
2955 3226 3040 3292 ut
3081 3217 3366 3294 omnino
3407 3217 3709 3316 relinqui

680 3361 807 3412 nec
878 3337 1142 3413 dimitti
1204 3347 1435 3439 queat.
1538 3341 1615 3414 Is
1668 3347 1905 3414 autem
1970 3339 2163 3412 locus
2213 3345 2322 3412 est
2370 3337 2446 3410 in
2497 3337 2856 3437 iuventute
2899 3337 3348 3412 instituenda.
3449 3337 3703 3432 Osten-

682 3455 843 3530 dam
864 3513 886 3545 ,
956 3465 1031 3532 et
1098 3453 1307 3532 usum
1372 3481 1525 3534 esse
1582 3459 1965 3534 litterarum
2034 3481 2251 3556 quam
2324 3457 2708 3532 maximum
2725 3513 2746 3546 ,
2807 3457 2870 3532 si
2935 3457 3220 3531 seorsim
3271 3463 3668 3556 spectamus
3683 3512 3706 3543 ,

678 3599 906 3673 neque
962 3575 1135 3652 alias
1202 3601 1403 3676 posse
1436 3576 1863 3676 disciplinas
1923 3577 1999 3650 in
2044 3601 2283 3652 earum
2334 3577 2564 3652 locum
2595 3576 2974 3652 commode
3019 3576 3386 3652 succedere
3402 3634 3423 3664 ,
3474 3575 3706 3651 dicen-

682 3695 993 3794 dumque
1056 3696 1187 3770 erit
1248 3695 1338 3770 de
1374 3696 1629 3772 causis
1648 3754 1669 3785 ‚
1730 3721 1910 3794 quae
1950 3695 2079 3771 has
2112 3696 2482 3771 iuvenibus
2523 3697 2896 3795 puerisque
2943 3696 3360 3771 necessarias
3399 3696 3710 3771 efficiunt
3755 3749 3764 3756 -

682 3821 753 3888 et
794 3813 1141 3889 fructibus
1176 3814 1339 3888 inde
1380 3816 1737 3915 petendis3
1784 3817 2257 3916 adiungantur
2290 3815 2592 3914 denique
2633 3815 2900 3910 monita
2935 3815 3277 3914 quaedam
3315 3813 3404 3888 de
3443 3814 3707 3892 ratione

682 3955 821 4030 qua
864 3934 1059 4034 ipsae
1098 3933 1231 4009 hae
1270 3935 1537 4010 litterae
1572 3935 1899 4013 colendae
1946 3937 2107 4010 sint.
2180 3937 2440 4032 ‚Pauca
2489 3936 2576 4010 de
2617 3934 2912 4034 singulis
2961 3933 3252 4009 tradam.

784 4053 999 4131 Quod
1045 4053 1263 4152 igitur
1312 4053 1391 4128 id
1434 4054 1727 4143 attinet,
1776 4053 2005 4152 qualis
2048 4053 2484 4152 antiquitatis
2533 4054 2624 4129 sit
2665 4079 2876 4142 usus,
2925 4061 2996 4129 et
3040 4077 3384 4152 quaenam
3431 4055 3709 4153 egregia

682 4171 847 4246 inde
898 4171 1163 4248 hauriri
1211 4171 1521 4271 possint,
1588 4197 1729 4249 non
1778 4172 1952 4272 quid
2000 4172 2225 4247 dicam
2268 4174 2579 4272 requiro,
2649 4175 2774 4248 sed
2816 4175 2958 4248 fere
2995 4173 3265 4262 nasein,
3319 4172 3505 4270 quid
3545 4172 3706 4248 reti-

686 4315 924 4379 ceam,
973 4298 1045 4366 et
1088 4291 1585 4422 Spartanorum
1628 4289 1962 4425 exemplo
1980 4291 2151 4368 haec
2198 4291 2341 4366 fere
2393 4299 2474 4366 ut
2515 4293 2780 4368 nemini
2820 4303 3074 4392 negata
3117 4293 3350 4368 omitti
3398 4300 3706 4391 possent.

686 4408 1043 4487 Quoniam
1094 4432 1295 4498 vero,
1342 4387 1853 4489 monentibus
1831 4410 2003 4510 ipsis
2044 4409 2431 4500 vetenbus,
2479 4411 2794 4487 homines
2833 4437 3038 4510 saepe
3076 4410 3151 4486 id
3195 4412 3388 4510 quod
3425 4411 3705 4501 volunt,

683 4527 1021 4615 credunt,
1088 4527 1433 4626 multique
1500 4536 1737 4606 autem
1802 4553 1941 4604 non
2014 4529 2307 4606 libmter
2362 4529 2774 4605 invalescere
2820 4537 3105 4606 cernant
3147 4531 3350 4606 hasce
3399 4531 3708 4618 litteras,

682 4647 840 4722 ideo
884 4647 1179 4746 carptim
1224 4670 1497 4722 summa
1542 4647 1857 4724 referam.
1952 4649 2323 4724 Habemus
2370 4649 2588 4749 igitur
2625 4649 2702 4724 in
2740 4657 3053 4724 veterum
3107 4649 3405 4748 scriptis.
3431 4649 3710 4724 dicendi

687 4765 1175 4866 scribendique
1232 4765 1649 4867 elegantiam
1666 4823 1689 4859 ,
1756 4791 1961 4867 saepe
2020 4768 2233 4846 etiam
2286 4793 2522 4846 rerum
2572 4768 3038 4870 cognitionem
3101 4792 3258 4844 eam
3280 4825 3300 4859 ,
3363 4792 3544 4868 quae
3591 4791 3714 4844 ex·-

3131 4889 3226 4962 36
