4766 6034
1864 635 2420 720 onAr10.
3538 605 3664 702 15'5

722 846 1022 922 Minime
1098 851 1333 920 autem
1400 850 1547 920 erat
1614 866 1950 920 novarum
2014 845 2089 918 in
2158 843 2503 918 medicina
2576 866 2808 917 rerum
2888 841 3204 918 laudator
3277 851 3348 918 et
3416 846 3666 922 fautor.

628 965 1061 1042 Incredibi!is
1124 990 1265 1064 qua
1326 964 1707 1040 instructus
1772 974 1918 1040 erat
1988 964 2299 1040 lectionis
2356 963 2556 1064 copia
2619 963 3022 1063 adjumento
3080 963 3144 1036 ei
3198 972 3343 1039 erat
3366 1025 3386 1054 ,
3449 973 3530 1040 ut
3579 992 3666 1040 ex

630 1087 897 1187 ingenti
942 1111 1183 1162 acervo
1234 1086 1674 1161 inventorum
1696 1145 1717 1176 ‚
1768 1111 1947 1186 quae
1990 1113 2033 1161 a
2076 1085 2187 1160 sui
2232 1085 2562 1184 temporis
2609 1083 2896 1159 medicis
2916 1142 2937 1173 ,
3000 1085 3423 1160 naturalium
3472 1111 3663 1184 prae·

630 1207 864 1282 sertim
922 1206 1441 1306 disciplinarum
1500 1206 1941 1306 indagatione
1987 1205 2215 1281 ductis
2236 1263 2255 1293 ,
2315 1205 2781 1306 proferrentur
2799 1264 2818 1294 ,
2867 1205 3052 1280 bona
3100 1232 3142 1279 a
3185 1207 3416 1304 pravis
3465 1215 3665 1282 acute

626 1328 1059 1402 discerneret.
1162 1327 1497 1402 Universe
1551 1351 1711 1403 vero
1774 1352 1938 1402 eum
1998 1328 2091 1402 ad
2148 1351 2361 1401 novas
2418 1325 2745 1401 medendi
2806 1327 2950 1402 vias
3003 1326 3237 1402 minus
3295 1327 3663 1425 proclivem

624 1447 874 1536 fuisse,
926 1448 1003 1521 in
1053 1449 1370 1523 Gnunsn
1411 1446 1751 1547 discipulo
1800 1472 1940 1523 non
1986 1455 2093 1523 est
2136 1447 2327 1546 quod
2368 1447 2720 1522 miremur.

719 1569 807 1642 In
869 1567 1209 1642 tradenda
1270 1576 1417 1642 arte
1484 1569 1895 1668 magistrum
1952 1593 2026 1642 se
2074 1567 2421 1667 praestitit
2466 1567 2744 1641 fidelem
2788 1573 2863 1640 et
2909 1566 3270 1641 assiduum
3290 1625 3310 1654 ,
3361 1566 3664 1641 amicum

624 1687 978 1787 discipulis
1000 1746 1021 1776 ‚
1071 1687 1423 1762 liberalem
1446 1746 1465 1776 ,
1511 1689 1887 1763 candidum
1910 1746 1929 1776 ,
1977 1687 2528 1785 emancipantem
2577 1711 2651 1759 se
2701 1685 2982 1760 nemini.

719 1809 989 1907 Vegeta
1053 1808 1283 1883 adhuc
1342 1815 1565 1888 aetate
1628 1807 1973 1883 abdicavit
2036 1832 2108 1881 se
2167 1804 2579 1880 Professoris
2629 1829 2914 1880 munere
2969 1813 3335 1905 totumque
3377 1805 3664 1881 tradidit

622 1929 1000 2004 medicinae
1044 1929 1460 2004 exercendae
1482 1988 1502 2017 ,
1551 1928 1623 2003 in
1676 1953 1816 2027 quo
1853 1952 2057 2028 opere
2102 1951 2243 2000 non
2286 1926 2522 2000 minus
2561 1909 2806 2024 peritia
2849 1924 2910 2024 ej
2920 1947 2998 2000 us
3041 1949 3253 2024 quam
3290 1926 3663 2001 liberalitas

622 2024 879 2125 eluxit..
958 2046 1299 2123 Memoria
1345 2048 1493 2122 Viri
1526 2048 1853 2123 omnibus
1900 2048 2024 2146 qui
2060 2071 2223 2122 eum
2262 2071 2510 2121 novere
2553 2069 2824 2143 semper
2856 2045 2929 2119 in
2971 2043 3228 2120 honore
3268 2045 3658 2123 habebitur.

712 2287 1189 2362 RonAansn
1238 2285 1435 2361 sedes
1482 2287 1555 2362 in
1597 2288 1728 2362 hoc
1770 2312 2100 2364 consessu
2142 2289 2406 2364 vacua?
2486 2285 2726 2360 Vacua
2775 2285 2972 2359 sedes
3011 2285 3234 2374 illius,
3289 2288 3412 2386 qui
3458 2312 3660 2362 num·

617 2432 830 2506 quam
896 2406 987 2482 ab
1056 2407 1185 2480 hoc
1255 2414 1457 2508 coetu
1524 2406 1817 2482 aberat?
1905 2409 2131 2483 Abest
2198 2408 2300 2482 vir
2354 2405 2472 2480 ille
2524 2405 2796 2504 integra
2862 2405 3255 2480 valetudine
3275 2465 3294 2495 ,
3358 2406 3662 2484 robustis

620 2527 880 2602 viribus
900 2586 920 2615 ,
972 2527 1095 2626 qui
1140 2527 1335 2625 rupis
1383 2527 1604 2601 instar
1656 2527 1887 2603 stabat
1929 2528 2147 2603 saevis
2201 2525 2617 2625 tranquillus
2657 2525 2734 2599 in
2775 2525 3024 2599 undis!
3089 2528 3616 2605 Roriinnsms
3641 2589 3659 2618 ‚

616 2649 935 2722 columen
984 2646 1162 2721 illud
1207 2646 1628 2722 Academiae
1676 2655 1950 2723 nostrae
1971 2705 1992 2737 ,
2046 2647 2337 2723 solemni
2387 2647 2593 2720 hocce
2648 2644 2761 2718 die
2812 2645 3046 2720 deest!

715 2766 859 2840 Sed
929 2767 1104 2866 quid
1167 2766 1493 2842 clamito?
1565 2766 1762 2845 Quid
1828 2793 2067 2844 manes
2137 2769 2394 2843 evoco?
2475 2766 2682 2840 Prius
2733 2772 2913 2840 terra
2964 2767 3052 2841 de
3102 2793 3311 2843 cursu
3360 2795 3485 2844 suo
3541 2773 3658 2845 de·

617 2888 849 2964 flectat
868 2945 889 2976 ‚
979 2912 1190 2986 quam
1264 2911 1303 2960 e
1378 2887 1673 2986 sepulcri
1743 2913 2033 2964 caverna
2108 2889 2324 2962 ullam
2408 2910 2644 2960 vocem
2719 2885 2969 2960 elicias.
3092 2888 3337 2963 Eflode
3421 2899 3658 2965 tumu-

617 3007 761 3083 lum
781 3068 802 3097 ‚
887 3006 1298 3108 amplectere
1386 3032 1670 3098 urnam,
1752 3007 2079 3085 humecta
2152 3005 2474 3107 lacrymis
2493 3064 2514 3095 ‚
2584 3005 2858 3079 nullum
2929 3030 3338 3105 responsum
3412 3010 3660 3086 referet

616 3128 958 3228 gementi!

713 3249 855 3323 Sed
902 3248 1193 3323 modum
1242 3254 1544 3325 statuam
1593 3248 1889 3346 querelis
1911 3307 1932 3337 ‚
1979 3248 2393 3323 Auditores!
2446 3271 2536 3321 ne
2578 3271 2697 3321 vos
2731 3270 2812 3321 ac
2852 3246 3341 3346 memetipsum
3375 3250 3654 3349 gravius

616 3367 1025 3443 conturbem
1046 3425 1066 3456 ,
1114 3392 1286 3442 neve
1337 3366 1857 3456 obliviscamur,
1907 3368 2261 3443 hominem
2311 3367 2553 3441 decere
2603 3367 2754 3441 Deo
2800 3391 2874 3440 se
2921 3366 3328 3443 submittere
3367 3378 3438 3443 et
3481 3370 3654 3445 divi-

616 3511 745 3561 nae
800 3486 1283 3562 Providentiae
1334 3487 1627 3563 decretis
1668 3487 2121 3586 acquiescere.
2206 3489 2371 3563 Non
2412 3485 2822 3562 conturbare
2869 3486 3136 3562 animos
3185 3497 3444 3564 vestros
3459 3549 3478 3580 ‚
3532 3492 3655 3566 sed

617 3607 953 3681 consolari
1014 3607 1249 3705 potius
1306 3632 1425 3682 vos
1484 3615 1557 3680 et
1621 3609 1968 3707 meipsum
2023 3606 2229 3707 cupio
2248 3640 2267 3697 ;
2335 3632 2565 3706 neque
2607 3606 2766 3681 ideo
2811 3607 3166 3682 tumulum
3213 3617 3373 3683 ante
3420 3588 3678 3685 oculos.

614 3724 817 3821 posui
882 3730 964 3797 ut
1014 3724 1363 3823 ploremus
1384 3782 1405 3813 ‚
1470 3725 1595 3799 sed
1656 3734 1738 3799 ιιι
1793 3750 1917 3826 per
1971 3726 2267 3828 sepulcri
2323 3726 2692 3826 caliginem
2737 3726 2812 3801 in
2856 3726 3084 3803 lucem
3129 3753 3256 3805 nos
3305 3730 3652 3829 erigamus

616 3852 686 3918 et
734 3843 824 3919 ad
873 3844 1115 3919 altiora
1164 3844 1553 3919 evehamur.
3251 3908 3260 3913 -

716 3964 792 4039 Si
860 3964 1188 4063 cuiquam
1246 3964 1576 4063 contigit,
1643 3973 1723 4039 ut
1778 3964 2031 4040 laboris
2089 3967 2478 4041 constantia
2519 3972 2590 4041 et
2639 3966 2856 4040 studii
2906 3965 3249 4042 industria
3275 3968 3648 4045 doctrinae

618 4084 973 4159 thesauros
1024 4084 1159 4159 sibi
1205 4093 1476 4183 pararet
1495 4142 1515 4171 ,
1566 4084 1688 4181 qui
1730 4084 1803 4158 in
1852 4086 2067 4160 totius
2114 4085 2292 4160 vitae
2346 4109 2558 4159 usum
2601 4086 2789 4185 large
2836 4092 3322 4185 suppeterent,
3375 4114 3454 4163 ea
3499 4088 3648 4165 feli-

614 4204 787 4278 citas
834 4204 1416 4279 desideratissimo
1462 4211 1697 4279 nostro
1744 4205 2045 4304 collegae
2094 4204 2369 4303 obtigit.

713 4321 760 4394 J
762 4348 875 4397 am
929 4323 1003 4397 in
1071 4323 1501 4397 adolescente
1559 4322 1777 4397 eluxit
1844 4323 2153 4398 studium
2206 4322 2588 4423 indagandi
2635 4320 2991 4397 historiam
3012 4381 3031 4411 ,
3081 4324 3212 4399 hoc
3253 4331 3393 4411 est,
3439 4324 3642 4397 innu-

611 4441 1015 4515 merabilem
1084 4442 1275 4516 illam
1342 4443 1869 4541 praeteritorum
1924 4444 2313 4519 seculorum
2366 4450 2812 4539 actarumque
2873 4466 3106 4517 rerum
3164 4441 3416 4516 molem
3432 4500 3451 4531 ‚
3501 4468 3643 4518 non

610 4561 857 4636 rudem
906 4572 977 4637 et
1023 4562 1437 4661 indigestam
1460 4620 1479 4650 ,
1532 4564 1658 4637 sed
1701 4572 1861 4663 apte
1904 4564 2295 4662 colligatam
2315 4622 2334 4652 ,
2387 4560 2613 4640 lucide
2664 4560 3070 4659 dispositam
3114 4570 3188 4635 et
3225 4561 3324 4636 ita
3367 4562 3638 4638 ordina-

614 4687 757 4755 tam
779 4739 798 4769 ,
871 4690 949 4755 ut
1015 4682 1089 4755 in
1152 4706 1235 4755 eo
1301 4690 1635 4781 tanquam
1691 4684 1943 4761 illustri
2002 4691 2456 4759 monumento
2509 4679 2780 4783 generis
2827 4680 3116 4756 humani
3161 4682 3303 4758 vita
3349 4683 3412 4784 ej
3423 4704 3640 4784 usque

608 4800 1017 4899 praecipuae
1062 4801 1571 4878 vicissitudines
1614 4812 2099 4903 agnoscantur.

1876 4928 1887 4937 '
3102 4924 3194 4995 20
3213 4922 3252 4967 ³¹*
