4766 6034
1855 649 2414 730 ORATIO.
3572 651 3654 719 13

617 861 1111 940 aestimationis
1179 862 1342 938 dare
1411 861 1929 939 documentum.
2029 861 2158 937 Vir
2197 863 2304 937 01.
2345 861 2535 938 Krs'r
2581 885 2668 936 eo
2726 867 3031 960 tempore
3078 861 3336 936 Rector
3378 857 3659 961 Ma‘gni-

618 985 792 1060 ficus
851 1008 1014 1059 cum
1082 982 1435 1059 nonnullis
1500 983 2023 1060 Ramwaan'rn
2089 982 2329 1059 amicis
2396 981 2761 1057 consilium
2830 989 3103 1079 ceperat
3175 987 3258 1056 ut
3324 1005 3618 1058 nummo
3640 1039 3659 1070 ‚

621 1103 824 1180 haece
891 1103 1406 1204 opportunitate
1471 1103 1789 1180 cudendo
1809 1163 1829 1194 ,
1900 1103 2197 1204 egregiis
2244 1083 2766 1176 RvavAmrrn
2816 1102 3082 1176 meritis
3136 1109 3438 1201 perenne
3488 1126 3660 1202 qua-

623 1225 684 1299 si
740 1231 1277 1300 monumentum
1338 1225 1734 1324 erigeretur.
1834 1224 1997 1299 Non
2017 1257 2023 1260 ·
2047 1223 2251 1323 pauci
2308 1231 2505 1297 erant
2519 1281 2540 1312 ‚
2590 1222 2847 1322 quibus
2894 1221 3070 1296 illud
3117 1221 3485 1298 consilium
3536 1223 3664 1295 mi-

621 1345 816 1420 rifice
856 1345 1240 1440 arridebat,
1285 1346 1476 1445 quod
1519 1345 1714 1420 brevi
1753 1354 1911 1445 post
1953 1353 2304 1445 patratum
2353 1351 2479 1419 est.
2578 1341 2995 1419 Academiae
3036 1342 3291 1418 Rector
3332 1341 3663 1442 Magnifi-

625 1489 748 1540 cus
811 1465 1126 1540 omnium
1183 1466 1464 1540 nomine
1484 1525 1506 1556 ,
1568 1465 1692 1565 qui
1749 1475 1896 1542 tam
1949 1467 2226 1567 pulcrae
2266 1463 2367 1540 rei
2422 1462 2788 1564 participes
2829 1463 2978 1537 fieri
3029 1460 3467 1563 cupiverant,
3518 1461 3671 1537 seni

628 1584 998 1678 venerabili
1061 1608 1434 1661 nummum
1500 1585 1823 1675 tradidit,
1890 1585 2148 1662 festum
2212 1584 2398 1659 diem
2453 1609 2541 1659 ex
2596 1583 2811 1658 animi
2870 1583 3211 1658 sententia
3254 1583 3669 1683 gratulatus.

626 1706 743 1782 Ad
786 1730 966 1805 quae
1004 1704 1586 1782 anwAanrms
1637 1707 1870 1782 animo
1908 1707 2348 1790 vehementer
2392 1711 2705 1804 permoto
2744 1704 3099 1805 respondit
3133 1705 3371 1804 paucis
3401 1704 3627 1782 verbis
3649 1762 3669 1793 ,

629 1826 750 1903 sed
797 1850 978 1925 quae
1027 1851 1114 1902 ex
1160 1827 1410 1901 intimo
1458 1826 1855 1926 prodierant
1899 1834 2194 1927 pectore.

722 1947 1304 2023 Ramwaan‘rms
1349 1970 1571 2047 usque
1613 1972 1696 2022 eo
1737 1947 1922 2023 bona
1961 1946 2356 2022 valetudine
2377 1945 2601 2022 fuerat
2622 1946 2930 2038 fructus3
2980 1947 3141 2023 licet
3162 1947 3459 2048 pedibus
3482 1943 3673 2021 labo-

627 2073 809 2143 raret
824 2125 846 2158 ,
916 2075 1152 2143 tamen
1219 2067 1383 2142 inde
1441 2067 1626 2143 intra
1685 2068 1936 2143 domus
1996 2067 2105 2142 vel
2157 2067 2459 2143 cubiculi
2514 2067 2813 2143 claustra
2860 2094 2933 2142 se
2976 2067 3312 2144 contineri
3378 2091 3519 2142 non
3570 2073 3677 2142 est

630 2212 875 2288 passus
897 2247 916 2276 ,
987 2189 1112 2263 sed
1171 2183 1590 2288 unoquoque
1627 2187 1798 2263 »fere
1843 2213 2026 2264 anno
2069 2195 2192 2263 aut
2241 2187 2504 2287 patriae
2566 2188 2713 2263 loca
2762 2189 3153 2264 amoeniora
3200 2187 3679 2290 perlustravit,

631 2315 754 2385 aut
813 2333 1100 2409 peregre
1159 2317 1266 2384 est
1320 2303 1690 2409 profectus.
1795 2308 1935 2384 Sed
1997 2307 2254 2382 sensim
2313 2308 2709 2406 sensimque
2778 2309 2954 2382 vires
3016 2307 3317 2409 corporis
3390 2308 3680 2384 deficere

633 2439 1044 2530 coeperunt,
1108 2455 1238 2506 nec
1285 2438 1518 2507 tamen
1563 2431 1910 2506 diminuta
1962 2437 2068 2504 est
2112 2428 2327 2504 animi
2377 2427 2686 2503 hilaritas
2736 2427 3138 2528 ingeniique
3183 2428 3397 2504 robur
3412 2487 3433 2517 ‚
3497 2453 3680 2527 quae

635 2551 1096 2626 laetabundus
1160 2552 1634 2628 admirabatur
1693 2550 2108 2649 cuicumque
2177 2549 2393 2624 visere
2462 2573 2699 2624 senem
2750 2549 3040 2624 viridem
3086 2556 3158 2624 et
3208 2573 3371 2625 cum
3420 2573 3503 2623 eo
3545 2549 3681 2623 eol·

634 2671 824 2771 loqui
875 2671 1188 2774 contigit.
1286 2674 1524 2773 Atque
1591 2671 1884 2749 servavit
1945 2671 2136 2746 illam
2205 2669 2423 2746 animi
2488 2669 2628 2744 vim
2682 2676 2751 2744 et
2810 2668 3250 2746 serenitatem
3310 2690 3534 2768 usque
3594 2669 3687 2744 ad

640 2792 871 2891 ipsum
898 2791 1081 2867 vitae
1117 2793 1352 2869 finem.
1431 2793 1591 2868 Suis
1627 2793 1969 2893 nobisque
2011 2793 2124 2868 die
2169 2800 2364 2868 sexto
2406 2790 2665 2866 mensis
2695 2792 2945 2866 Martis
2966 2789 3132 2867 anni
3164 2793 3357 2866 1854
3407 2796 3686 2889 ereptus

505 3001 514 3010 ,
640 2918 762 2988 est.
864 2914 1030 2991 Quo
1103 2912 1216 2988 die
1266 2913 1492 2989 elatus
1544 2921 1652 2989 est
1673 2971 1696 3003 ‚
1763 2914 2072 2990 affinium
2139 2913 2657 3012 amicorumque
2728 2936 3029 3012 magnus
3084 2935 3419 2988 numerus
3469 2910 3691 2987 secuti

643 3038 807 3107 sunt
825 3090 845 3121 ,
913 3040 1222 3109 extrema
1276 3034 1394 3134 pia
1440 3034 1690 3111 dilecto
1740 3035 1886 3111 viro
1940 3036 2395 3136 persoluturi;
2462 3058 2693 3109 coram
2756 3033 3017 3133 quibus
3076 3032 3283 3108 verba
3343 3031 3508 3107 fecit
3561 3030 3691 3106 Vir

649 3152 754 3229 01.
799 3154 860 3229 Ι.
901 3177 1051 3229 van
1087 3178 1234 3229 mm
1254 3155 1573 3232 Houqu
1593 3216 1614 3247 ,
1668 3158 1874 3257 quale
1933 3157 2248 3233 omnium
2305 3163 2489 3231 esset
2530 3161 2676 3231 tam
2724 3152 2864 3228 cari
2914 3151 3157 3253 capitis
3206 3158 3689 3251 quantumque

644 3272 1060 3349 desiderium
1077 3333 1098 3363 ‚
1158 3275 1390 3351 animo
1440 3279 1738 3377 graviter
1791 3277 2039 3354 affecto
2058 3338 2077 3367 ,
2121 3279 2635 3378 interpretatus.
2684 3273 2823 3350 Die
2871 3273 3139 3348 decimo
3182 3272 3386 3347 tertio
3429 3273 3688 3348 mensis

644 3392 892 3468 Martii
916 3392 1046 3469 Vir
1071 3394 1178 3471 01.
1205 3418 1304 3470 nn
1334 3394 1614 3473 annsn
1643 3422 1874 3473 coram
1895 3386 2322 3474 'Academiae
2360 3404 2637 3473 nostrae
2676 3394 2977 3472 alumnis
3017 3394 3422 3471 memoriam
3461 3394 3689 3470 Ram-

646 3536 969 3589 wsan'rn
989 3574 1026 3619 ,U
1062 3515 1256 3591 brevi
1295 3516 1534 3593 habita
1577 3519 1884 3595 oratione
1905 3580 1924 3609 ,
1978 3520 2304 3610 recoluit3
2353 3544 2579 3619 quum
2616 3519 3137 3593 anwaanrn
3180 3515 3393 3591 vitam
3431 3539 3689 3592 mores-

647 3658 780 3733 que
846 3633 1288 3736 depingeret,
1351 3645 1423 3712 et
1480 3638 1728 3713 merita
1790 3647 1986 3739 grato
2025 3638 2257 3715 animo
2300 3638 2584 3714 referret
2629 3644 2703 3713 et
2743 3636 3202 3738 praedicaret,
3257 3636 3511 3712 illustri
3560 3636 3693 3713 hoc

651 3754 968 3854 exemplo
1019 3756 1474 3833 demonstrari
1533 3760 1817 3835 iuvenes
1866 3761 2138 3849 docuit,
2204 3760 2554 3861 quomodo
2619 3783 2777 3835 vera
2846 3758 3065 3858 gloria
3117 3757 3209 3833 sit
3261 3758 3651 3859 appetenda
3668 3818 3703 3847 ,

650 3874 908 3973 quibus
961 3877 1229 3953 artibus
1290 3903 1447 3955 vera
1507 3880 1725 3980 gloria
1781 3890 1853 3957 et
1913 3882 2332 3983 sempiterna
2395 3880 2725 3982 pariatur.
2826 3881 3029 3958 Quae
3092 3878 3243 3953 Viri
3309 3878 3693 3957 Clarissimi

651 3994 969 4071 allocutio
1016 4005 1175 4096 post
1222 3998 1488 4101 aliquot
1537 4001 1685 4078 dies
1733 4002 1917 4103 typis
1966 4010 2073 4077 est
2121 4026 2465 4102 expressa.

745 4114 898 4189 Nec
972 4116 1194 4192 defuit
1269 4120 1394 4219 qui
1460 4120 1535 4196 in
1602 4122 1982 4199 Academia
2052 4122 2244 4223 regia
2313 4120 2945 4197 Amstelodamensi
3009 4119 3098 4195 de
3170 4120 3694 4196 anwsan'm

655 4234 918 4309 meritis
991 4236 1280 4314 solemni
1342 4240 1552 4316 modo
1609 4242 1818 4319 verba
1883 4242 2155 4319 faceret.
2280 4241 2627 4317 Concione
2693 4240 2931 4317 habita
2984 4241 3100 4316 die
3161 4238 3692 4316 undetricesimo

657 4356 918 4432 mensis
979 4358 1240 4458 Aprilis
1304 4360 1432 4435 Vir
1492 4362 1599 4438 01.
1653 4361 1950 4439 Vnomx
1973 4421 1996 4453 ‚
2061 4362 2187 4463 qui
2229 4361 2646 4438 Academiae
2694 4370 2803 4437 est
2858 4361 2946 4437 ab
3024 4360 3195 4436 actis
3218 4418 3240 4451 ‚
3312 4356 3693 4434 orationem

659 4474 908 4553 habuit
957 4476 1032 4552 in
1090 4479 1400 4557 defuncti
1457 4481 1788 4558 honorem
1806 4542 1828 4575 ‚
1888 4508 2029 4584 qua
2087 4464 2236 4559 eius
2296 4481 2511 4558 vitam
2567 4480 2867 4557 breviter
2926 4478 3387 4561 adumbravit.
3488 4478 3693 4556 Quae

657 4596 854 4673 Actis
900 4599 1318 4676 Academiae
1365 4608 1474 4677 est
1516 4602 1793 4679 inserta.

755 4717 1118 4795 Praeterea
1179 4745 1362 4798 unus
1425 4748 1512 4798 ex
1551 4722 1874 4799 affinibus
1917 4722 2441 4802 Ramwsanrn
2478 4746 2717 4801 mense
2758 4721 2955 4800 Maio
2998 4721 3263 4824 publici
3308 4718 3479 4797 iuris
3527 4716 3693 4793 fecit

661 4837 942 4915 brevem
989 4839 1300 4919 defuncti
1347 4841 1529 4921 vitae
1577 4843 2056 4923 narrationem.
