4766 6034
1240 629 1368 699 132
2381 602 2713 696 1222„ss
2779 627 3141 695 nAAR

1241 839 1603 927 conderet,
1648 861 1825 936 quae
1853 836 2002 912 iure
2025 836 2413 934 meritoque
2439 837 2767 936 Regnum
2794 836 3161 912 Coelorum
3190 836 3422 925 audit,
3460 859 3585 936 pro
3614 836 3947 937 singulari
3967 862 4038 915 ac
4060 838 4219 939 plane

1241 960 1474 1033 divino
1495 1015 1514 1046 ‚
1574 982 1715 1055 quo
1769 956 2158 1032 humanum
2207 980 2431 1056 genus
2476 965 2581 1033 est
2629 957 2990 1057 amplexus
3038 982 3269 1033 amore
3288 1015 3307 1046 ,
3371 957 3501 1032 hoc
3553 958 3811 1033 morale
3850 983 3931 1033 ac
3982 960 4221 1035 sublime

1241 1079 1455 1153 fuisse
1500 1078 1907 1153 consilium:
1959 1083 2041 1151 ut
2091 1087 2376 1153 cunctos
2421 1078 2737 1154 homines
2755 1138 2776 1168 ‚
2823 1086 3166 1179 quotquot
3206 1079 3343 1178 ipsi
3384 1103 3639 1153 nomen
3674 1079 3923 1153 darent
3952 1065 4025 1154 ac
4056 1080 4223 1155 fidem

1239 1199 1576 1273 haberent
1593 1256 1613 1287 ‚
1677 1206 1898 1273 morte
1971 1222 2098 1273 sua
2157 1199 2503 1273 redemtos
2563 1207 2773 1297 atque
2820 1226 2865 1277 a
2914 1199 3267 1273 teterrimo
3308 1199 3657 1274 servitutis
3702 1199 3872 1298 iugo
3917 1198 4222 1286 liberatos,

1238 1319 1330 1393 ad
1394 1343 1646 1393 novam
1705 1326 2010 1394 mentem
2079 1319 2532 1418 animumque
2595 1320 3037 1407 informaret,
3110 1321 3183 1393 in
3240 1344 3479 1395 -veram
3546 1319 3940 1394 libertatem
3963 1378 3983 1406 ‚
4002 1319 4095 1393 -in
4142 1321 4226 1393 sui

1237 1439 1514 1539 Deique
1581 1439 2107 1516 similitudinem
2168 1440 2526 1530 eveheret,
2585 1466 2841 1540 eosque
2884 1448 3203 1517 aeternae
3250 1440 3598 1517 felicitatis
3650 1439 3969 1515 redderet
4008 1440 4225 1538 partici-

1239 1584 1384 1659 pes,
1435 1602 1535 1620 -
1594 1560 2015 1660 Quicunque
2081 1567 2318 1635 autem
2386 1560 2800 1659 Theologiae
2865 1561 3153 1635 Moralis
3224 1560 3439 1635 studii
3510 1584 3741 1635 amore
3803 1559 4104 1633 imbutus
4162 1558 4229 1633 sd

1241 1680 1629 1755 Historiam
1681 1681 2234 1756 Ecclesiasticam
2287 1682 2605 1769 accedat,
2674 1682 2867 1757 haud
2916 1681 3129 1757 dubie
3178 1682 3254 1755 id
3304 1680 3649 1780 imprimis
3702 1686 3909 1779 aget,
3978 1688 4051 1753 ut
4094 1679 4231 1752 bene

1239 1802 1559 1901 indaget:
1628 1784 1973 1899 quatenus
2023 1801 2328 1875 Societas
2375 1800 2770 1874 Christiana
2819 1824 2943 1900 per
2998 1799 3217 1874 varios
3268 1806 3663 1898 temporum
3716 1823 3923 1875 casus
3966 1822 4041 1873 ac
4079 1796 4231 1872 vicis·

1245 1921 1586 1995 situdines
1623 1920 1788 1995 huic
1827 1919 2070 1995 morali
2109 1928 2180 1994 et
2228 1918 2511 1994 sublimi
2544 1920 2718 1994 Isso
2770 1920 3056 1995 consilio
3106 1919 3529 1995 satisfecerit.
3630 1920 3726 1993 Et
3768 1942 3935 1993 sane
3982 1917 4234 2015 Religio·

1249 2041 1358 2114 nis
1422 2040 1854 2116 Christianae
1898 2041 2230 2116 moralem
2279 2040 2427 2128 vel,
2482 2039 2542 2114 si
2592 2041 2695 2115 vis
2717 2099 2735 2129 ‚
2795 2040 3171 2139 practicam
3210 2040 3514 2114 indolem
3557 2039 3747 2114 omni
3792 2038 3937 2113 fere
3984 2045 4235 2136 tempore

1245 2161 1688 2259 conspicuam
1770 2160 2020 2250 fuisse,
2111 2161 2357 2237 saltem
2455 2186 2843 2261 numquam
2931 2186 3212 2260 prorsus
3289 2161 3570 2235 latuisse
3589 2218 3609 2248 ,
3700 2158 4017 2233 Historia
4071 2166 4237 2241 teste,

1245 2281 1628 2381 eademque
1683 2282 1858 2357 duce
1877 2342 1896 2370 ,
1965 2283 2132 2357 satis
2175 2281 2560 2357 luculenter
2597 2280 2800 2356 nobis
2842 2282 3223 2381 apparebit.

1337 2403 1425 2475 In
1487 2402 1896 2479 memoriam
1961 2410 2274 2479 revocate
2293 2461 2314 2491 ‚
2373 2427 2632 2501 quaeso
2654 2460 2673 2491 ,
2735 2403 2824 2477 A.
2896 2404 3001 2478 A!
3058 2402 3266 2503 primi
3328 2401 3479 2475 aevi
3524 2400 3841 2475 Cmusn
3884 2405 4242 2481 sectatores,

1239 2548 1284 2599 a
1328 2521 1728 2598 foedissima
1745 2582 1764 2613 ‚
1813 2549 1994 2624 quae
2045 2523 2308 2623 ubique
2353 2529 2695 2599 terrarum
2744 2524 3089 2599 invaserat
3103 2583 3123 2612 ,
3184 2546 3460 2597 morum
3510 2522 3997 2620 depravatione
4038 2521 4241 2594 immu-

1242 2668 1367 2718 nes
1382 2701 1403 2732 ,
1482 2644 1844 2719 sanctitate
1863 2704 1884 2734 ‚
1950 2644 2250 2719 fraterno
2323 2668 2556 2719 amore
2571 2702 2591 2732 ,
2666 2643 2859 2718 omni
2926 2644 3267 2718 virtutum
3334 2666 3585 2742 genere
3654 2641 4095 2741 conspicuos!
4174 2638 4243 2710 Et

1245 2742 1578 2861 quorsum
1639 2763 1874 2839 oculos
1936 2764 2349 2839 convertatis
2408 2763 2873 2863 pulcherrima
2918 2764 3199 2863 pietatis
3222 2823 3243 2853 ‚
3314 2762 3589 2837 virtutis
3606 2820 3625 2849 ‚
3690 2762 4135 2847 constantiae,
4176 2781 4243 2831 ne

1249 2881 1616 2956 dirissimis
1673 2882 1958 2981 quidem
2009 2883 2364 2983 suppliciis
2417 2884 2672 2960 fractae
2743 2884 2850 2958 vel
2923 2882 3371 2959 labefactatae
3387 2942 3406 2970 ,
3480 2882 3671 2957 vobis
3718 2883 4063 2981 proposita
4098 2877 4243 2952 vide-

1249 3002 1416 3078 bitis
1460 3003 1795 3102 exempla.
1901 3004 2099 3085 Quid
2143 3006 2648 3080 Pocheru
2671 3062 2691 3093 ‚
2740 3004 2913 3103 quid
2965 3029 3235 3081 sacrum
3284 3004 3681 3103 Martyrum
3734 3029 3989 3104 agmen
4030 3001 4244 3085 dicam,

1248 3121 1371 3219 qui
1390 3180 1410 3211 ‚
1481 3123 1614 3198 etsi
1679 3124 1869 3199 haud
1929 3124 2136 3225 pauci
2205 3149 2447 3200 eorum
2512 3149 2873 3223 perperam
2934 3125 3209 3200 virtutis
3274 3125 3549 3200 culmen
3596 3125 3671 3198 in
3724 3124 4035 3223 martyrii
4083 3117 4245 3196 laude

1247 3243 1607 3341 posuerint
1657 3289 1760 3306 —
1801 3245 1895 3320 ad
1948 3270 2193 3346 pyram
2249 3254 2320 3322 et
2374 3270 2649 3320 crucem
2706 3270 2931 3345 usque
2978 3247 3293 3320 Cnmsrl
3348 3270 3580 3321 amore
3626 3245 3891 3321 incensi
3940 3251 4132 3342 atque
4166 3239 4243 3312 in·

1243 3363 1585 3438 flammati
1641 3364 1785 3440 vita
1861 3391 1940 3439 ac
1999 3372 2220 3440 morte
2269 3389 2342 3440 se
2383 3390 2526 3440 non
2574 3366 2799 3440 solum
2859 3367 3173 3442 Cnms'rl
3226 3373 3595 3441 sectatores
3640 3365 3765 3442 sed
3812 3365 4021 3440 etiam
4064 3359 4245 3436 imita·

1249 3488 1432 3556 tores
1490 3485 2035 3581 praestiterunt?
2136 3484 2334 3564 Quid
2394 3485 2887 3574 Amnnosmm,
2950 3487 3481 3574 Auous'rmmu,
3532 3487 3962 3560 Gunooulos
3982 3541 4003 3572 ‚
4046 3481 4243 3555 Cast-

1255 3621 1645 3677 sos'romnM
1728 3628 2106 3680 memorem
2125 3663 2146 3694 ,
2226 3604 2659 3680 intaminatis
2730 3605 3070 3705 fulgentia
3136 3606 3517 3682 honoribus
3574 3605 3923 3682 Ecclesiae
3990 3599 4242 3684 lumina,

1248 3742 1550 3816 quorum
1616 3723 1900 3798 nomina
1965 3724 2348 3800 etiamnum
2424 3750 2548 3824 per
2613 3725 2927 3801 omnium
2976 3752 3095 3802 ora
3140 3727 3481 3802 volitant?
3583 3727 3781 3807 Quid
3824 3727 4241 3800 Bnamamm

1247 3838 1449 3913 illum
1527 3842 2084 3919 Clarevallensem
2106 3902 2125 3933 ,
2194 3846 2318 3944 qui
2337 3905 2360 3935 ,
2423 3845 2865 3922 monachicae
2919 3847 3081 3922 licet
3138 3848 3413 3923 virtutis
3476 3847 3880 3933 studiosior,
3940 3852 4075 3919 tam
4122 3861 4240 3912 vere

1247 3957 1446 4058 pium
1489 3985 1562 4035 se
1611 3961 1754 4037 vita
1795 3989 1876 4038 ac
1927 3963 2196 4062 scriptis
2243 3965 2600 4063 probavit,
2668 3975 2751 4039 ut
2792 3966 2902 4041 vel
2958 3967 3145 4042 hunc
3198 3969 3305 4043 vel
3347 3968 3699 4044 neminem
3744 3973 4121 4042 sanctorum
4154 3982 4239 4033 co·

1249 4102 1417 4155 rona
1435 4137 1456 4168 ,
1508 4105 1649 4178 qua
1689 4106 1850 4156 eum
1895 4083 2163 4158 ornavit
2209 4085 2518 4160 Ecclesia
2532 4143 2553 4174 ,
2607 4084 2906 4184 dignum
2948 4086 3358 4163 iudicemus.
3450 4088 3649 4168 Quid
3690 4086 4063 4162 Valdenses
4102 4077 4237 4178 pris-

1243 4223 1484 4274 corum
1545 4199 2095 4278 Christianorum
2159 4195 2540 4304 imaginem
2597 4205 2739 4279 vita
2808 4214 2879 4280 et
2941 4207 3254 4282 moribus
3306 4208 3398 4284 ad
3448 4208 3685 4282 vivum
3730 4205 4087 4280 referentes
4102 4258 4121 4288 ‚
4178 4205 4239 4270 ut

1242 4318 1530 4418 probem
1591 4322 1816 4420 qualis
1873 4331 1944 4397 et
2009 4331 2310 4422 quanta,
2383 4324 2616 4401 medio
2686 4326 2897 4401 etiam
2960 4351 3165 4416 seve,
3238 4327 3328 4402 ad
3394 4327 3806 4404 excolendos
3868 4347 4113 4407 mores,
4166 4314 4237 4388 ad

1243 4440 1476 4541 ipsum
1519 4442 1832 4518 animum
1878 4443 2270 4519 humanum
2329 4445 2849 4521 emendandum
2908 4446 3264 4546 religionis
3320 4448 3757 4523 Christianae
3820 4443 4021 4522 fuerit
4063 4439 4153 4514 vis
4182 4441 4237 4508 et

1245 4561 1660 4636 efficacitas?
1760 4562 2011 4642 Quid?
2073 4565 2264 4663 quod
2324 4570 2397 4638 et
2453 4564 2631 4639 hanc
2693 4563 2767 4637 in
2828 4563 2999 4662 ipsis
3065 4565 3269 4639 sectis
3287 4624 3308 4655 ,
3373 4590 3553 4665 quae
3606 4565 4111 4641 Haeretioorum
4152 4551 4237 4626 vel

1248 4679 1856 4757 Schismaticorum
1906 4683 2185 4759 nomine
2234 4691 2571 4782 tanquam
2620 4691 2769 4758 atro
2810 4683 3105 4758 carbone
3156 4686 3228 4760 in
3282 4685 3597 4760 Historia
3646 4693 3925 4761 notatae
3972 4685 4119 4755 sunt
4156 4711 4236 4732 -

1245 4797 1714 4879 Montanistas
1731 4861 1754 4891 ,
1809 4803 2213 4881 Donatistas
2232 4863 2252 4894 ‚
2303 4803 2721 4904 Albigenses
2758 4804 2915 4880 dico
2960 4848 3057 4862 —
3100 4830 3240 4881 non
3283 4830 3653 4907 agnoscere
3691 4831 3830 4881 non
3868 4817 4233 4906 possumusi
