4766 6034
1879 628 2437 696 ORATIO.
3486 574 3687 704 ‘139

647 835 878 937 spiriis
925 829 1282 936 appetenti
1327 833 1740 912 immineant
1779 838 2101 937 pericula.
2203 839 2344 914 Hic
2392 836 2629 914 statim
2666 837 2741 912 in
2780 836 3015 911 oculos
3062 837 3365 916 incurrat
3409 867 3689 919 necesse

647 967 754 1034 est
771 1017 792 1046 ‚
864 982 1005 1033 non
1081 957 1307 1033 solum
1373 957 1826 1034 iucunditatis
1897 959 2020 1034 sed
2089 959 2314 1034 multo
2388 958 2611 1058 magis
2678 982 2973 1058 magnae
2988 1017 3009 1048 ,
3084 984 3299 1058 quam
3356 962 3685 1054 afferant,

646 1079 966 1154 utilitatis
1025 1103 1270 1155 caussa
1328 1077 1494 1154 talia
1556 1079 1871 1178 exempla
1937 1105 2024 1154 ex
2086 1079 2403 1154 Historia
2450 1103 2599 1154 esse
2646 1080 2964 1178 petenda.
3064 1080 3207 1156 Hic
3256 1083 3500 1159 eadem
3547 1084 3681 1159 Hi-

646 1200 855 1275 storia
893 1199 1377 1299 praeceptricis
1419 1207 1629 1299 atque
1667 1199 2140 1276 admonitricis
2189 1223 2567 1298 personam.
2590 1224 2822 1300 ‚agens
2837 1258 2856 1289 ,
2904 1201 2997 1278 ad
3018 1209 3303 1278 cunctos
3317 1262 3338 1294 ‚
3390 1229 3689 1302 quorum

643 1347 781 1397 non
847 1322 1158 1398 occlusae
1226 1323 1368 1397 sint
1433 1346 1636 1397 aures
1657 1380 1676 1410 ,
1745 1345 1986 1396 vocem
2044 1320 2322 1420 dirigit,
2387 1305 2646 1419 eosque
2697 1321 3011 1395 hortatur
3033 1380 3053 1411 ‚
3104 1329 3185 1399 ut
3230 1323 3409 1398 bene
3460 1333 3683 1400 atten-

645 1443 812 1518 dant
831 1501 851 1532 ‚
924 1442 1214 1518 ubinam
1289 1443 1653 1542 ingenium
1723 1442 2112 1519 humanum
2183 1443 2256 1516 in
2333 1442 2487 1517 Deo
2552 1440 2967 1541 Christoque
3030 1443 3317 1519 colendo
3382 1447 3687 1522 maxime

641 1561 1092 1650 aberraverit;
1157 1586 1500 1662 quaenam
1555 1568 1741 1636 recta
1789 1561 1881 1636 sit
1929 1561 2176 1636 semita
2198 1619 2219 1650 ,
2284 1561 2358 1636 in
2409 1585 2551 1661 qua
2598 1563 2799 1638 firmo
2846 1571 3057 1665 atque
3112 1564 3455 1642 indefesso
3503 1568 3683 1667 pede

641 1689 794 1756 tuto
843 1682 934 1756 sit
983 1683 1570 1782 progrediendum
1591 1739 1627 1770 ‚.
1662 1681 1835 1780 quid
1880 1705 2049 1757 cane
2103 1687 2316 1780 atque
2365 1707 2597 1782 angue
2645 1683 2841 1781 peius
2888 1681 3304 1784 fugiendum
3346 1688 3455 1762 sit.
3538 1687 3679 1762 Sed

638 1804 782 1877 iam
844 1827 960 1877 me
1021 1803 1394 1902 reprimam
1441 1802 1546 1879 fas
1599 1801 1836 1902 exigit.
1939 1800 2344 1877 Verendum
2390 1803 2579 1878 enim
2624 1811 2805 1879 esset
2824 1865 2843 1893 ,
2892 1829 2981 1879 ne
3028 1807 3288 1906 positos
3326 1809 3490 1883 huic
3534 1835 3682 1886 ora-

639 1923 818 1996 tioni
867 1923 1200 1999 terminos
1243 1923 1604 2023 egrederer
1622 1982 1641 2012 ,
1691 1924 1750 1997 si
1802 1922 2069 1998 diutius
2120 1923 2413 2024 singulis
2456 1924 2809 2001 immorari
2851 1928 3119 2003 vellem.
3218 1928 3490 2004 Videtis
3509 1989 3529 2018 ,
3576 1931 3683 2005 uti

639 2067 838 2142 spero
857 2101 877 2132 ‚
948 2043 1302 2118 Historiae
1365 2043 1884 2119 Ecclesiasticae
1941 2043 2256 2119 studium
2316 2044 2408 2118 ad
2478 2044 2864 2123 doctrinam
2926 2073 3201 2124 morum
3243 2050 3423 2125 bene
3467 2053 3683 2150 expli-

637 2163 932 2237 candam
1002 2170 1074 2237 et
1129 2162 1261 2237 rite
1314 2163 1815 2240 aestimandam
1861 2187 2012 2238 esse
2071 2163 2647 2241 efficacissimum.
2749 2167 3021 2243 Videtis
3066 2177 3435 2269 utramque
3485 2171 3687 2246 disci-

637 2284 900 2382 plinam
960 2285 1248 2360 alteram
1313 2284 1510 2359 alteri
1555 2284 1843 2358 mirifice
1890 2284 2218 2383 prodesse
2266 2293 2479 2384 atque
2530 2287 2893 2386 opitulari,
2954 2288 3267 2387 adeoque
3317 2292 3680 2391 utriusque

639 2403 954 2480 studium
972 2464 993 2494 ,
1063 2411 1148 2480 ut
1208 2403 1488 2503 utrique
1560 2427 1730 2478 suus
1793 2403 2144 2479 tribuatur
2209 2404 2427 2481 honos
2488 2415 2560 2482 et
2618 2407 2887 2484 iustum
2938 2415 3287 2485 statuatur
3327 2412 3631 2510 pretium
3652 2472 3672 2502 ,

637 2531 821 2600 arcte
869 2549 1022 2599 esse
1069 2523 1661 2624 coniungendam.

733 3005 876 3081 Sed
942 3030 1276 3105 quorsum
1347 3005 1680 3106 spectavit
1741 3005 1908 3081 haec
1966 3012 2200 3080 nostra
2247 3006 2518 3105 oratio?
2566 3048 2666 3063 —-
2713 3005 3063 3083 Nimirum
3125 3035 3207 3084 eo
3226 3070 3245 3098 ,
3298 3011 3387 3087 A.
3440 3013 3545 3087 A!
3602 3023 3683 3089 ut

635 3128 850 3227 probe
905 3127 1308 3228 intelligatis
1327 3186 1347 3217 ‚
1419 3126 1596 3202 mihi
1662 3151 1940 3227 quoque
1960 3185 1981 3214 ,
2053 3152 2140 3203 ex
2206 3152 2364 3203 meo
2428 3127 2649 3227 ipsius
2690 3126 2949 3204 iudicio
2972 3186 2991 3217 ,
3057 3130 3233 3203 illud
3277 3130 3680 3207 incumbere

635 3248 940 3323 officium
959 3307 979 3337 ,
1051 3256 1134 3323 ut
1206 3248 1574 3347 utriusque
1641 3247 1861 3322 studii
1939 3249 2363 3325 exercitandi
2440 3256 2651 3348 atque
2724 3248 3083 3323 excolendi
3157 3272 3388 3326 amore
3469 3260 3681 3353 atque

637 3362 878 3444 ardore
947 3369 1266 3445 imbuam
1335 3370 1587 3455 horum
1654 3394 1988 3470 generosa
2034 3372 2362 3447 iuvenum
2410 3379 2707 3471 pectora.
2806 3371 3011 3461 Quod
3050 3372 3354 3448 officium
3400 3398 3481 3449 eo
3524 3386 3680 3448 san-

637 3490 818 3565 ctius
875 3496 1086 3589 atque
1145 3490 1501 3591 antiquius
1570 3489 1742 3565 mihi
1801 3491 2078 3567 videtur
2096 3551 2117 3582 ,
2185 3518 2326 3593 quo
2385 3494 2613 3593 magis
2660 3492 2893 3567 animo
2944 3499 3017 3567 et
3060 3493 3475 3592 cogitatione
3523 3520 3681 3594 per·

636 3610 902 3710 pendo,
971 3610 1143 3710 quid
1202 3610 1338 3686 sibi
1399 3610 1708 3711 requirat
1769 3621 1840 3687 et
1879 3614 2185 3712 postulet
2237 3614 2407 3689 haec
2454 3622 2688 3690 nostra
2738 3622 2949 3690 aetas,
3051 3613 3298 3688 Restat
3339 3615 3558 3714 igitur
3600 3624 3683 3691 ut

639 3730 1064 3830 quibusnam
1131 3730 1221 3806 de
1290 3732 1554 3807 caussis
1622 3732 1976 3825 Historiae
2041 3732 2559 3810 Ecclesiasticae
2610 3743 2681 3809 et
2728 3734 3142 3834 Theologiae
3196 3735 3483 3810 Morah's
3534 3744 3681 3811 stu-

644 3850 844 3927 dium
891 3853 1001 3927 bis
1043 3855 1332 3928 maoeime
1379 3855 1612 3929 diebus
1659 3853 1750 3929 sit
1800 3855 2368 3955 coniungendum
2388 3915 2408 3945 ,
2458 3856 2696 3956 paucis
2745 3880 3106 3956 exponam,

737 4090 946 4166 Hanc
1015 4100 1324 4169 nostram
1388 4101 1689 4169 aetatem
1713 4152 1734 4183 ,
1803 4096 1908 4169 uti
1959 4095 2036 4170 in
2091 4095 2336 4170 ceteris
2360 4153 2380 4184 ‚
2444 4096 2543 4170 sic
2591 4120 2869 4194 quoque
2928 4096 3002 4169 in
3053 4095 3484 4195 Theologicis
3539 4096 3678 4169 dis-

637 4210 912 4310 ciplinis
985 4219 1059 4285 et
1125 4212 1378 4289 studiis
1422 4213 1655 4290 felices
1703 4223 1914 4315 atque
1965 4213 2275 4315 insignes
2326 4238 2732 4314 progressus
2774 4216 3017 4290 fecisse
3070 4240 3275 4291 nemo
3327 4214 3525 4291 facile
3570 4217 3677 4290 in-

635 4331 830 4406 ficias
901 4329 1051 4407 ibit.
1151 4334 1355 4425 Quod
1423 4335 1482 4409 si
1536 4334 1695 4435 quis
1761 4336 2152 4435 negaverit,
2223 4335 2413 4410 hunc
2456 4336 2690 4435 potius
2741 4346 3121 4442 morosum·
3160 4336 3490 4435 temporis
3541 4338 3693 4433 acti,

635 4451 1070 4527 laudatorem
1096 4511 1116 4542 ‚
1191 4478 1405 4552 quam
1469 4480 1774 4555 aequum
1841 4457 2091 4532 horum
2149 4465 2543 4557 temporum
2600 4456 2901 4531 iudicem
2956 4450 3461 4555 appellaverim.
3562 4457 3680 4532 Ab

633 4570 854 4647 altera
909 4596 1068 4647 vero
1115 4582 1310 4673 parte
1363 4576 1824 4653 concedamus
1867 4586 2174 4678 oportet,
2234 4577 2495 4654 altioris
2510 4634 2531 4665 ,
2580 4600 2793 4675 quam
2832 4575 3077 4650 dicunt
3106 4574 3473 4675 Theologi,
3524 4576 3675 4650 Gri-

632 4692 806 4765 tices
890 4691 1246 4769 molimine
1321 4696 1544 4770 multa
1563 4754 1582 4784 ,
1657 4722 1835 4797 quae
1895 4698 2060 4775 olim
2118 4697 2210 4774 ab
2272 4696 2600 4772 omnibus
2664 4696 2831 4771 satis
2872 4696 3072 4772 firma
3123 4703 3196 4770 et
3258 4694 3532 4772 stabilia
3594 4722 3675 4771 ac

633 4835 918 4910 prorsus
959 4812 1392 4893 indubitatae
1442 4815 1610 4893 fidei
1663 4816 2105 4910 haberentur,
2157 4818 2331 4895 adeo
2388 4842 2539 4895 esse
2592 4842 2925 4895 concussa
2972 4824 3043 4892 et
3094 4816 3501 4893 labefactata
3525 4877 3545 4908 ‚
3596 4828 3677 4892 ut

2996 4940 3087 5013 18
3100 4938 3144 4983 ³*
