4766 6034
1924 595 2484 666 ORATIO.
3589 602 3819 713 291.

687 832 899 885 causa
974 805 1239 881 socium
1313 801 1493 891 sibi,
1573 800 1681 877 vel
1753 798 2219 881 successorem
2294 804 2524 881 filium
2610 804 2787 881 ante'
2854 806 3090 883 omnia
3175 807 3471 909 cogitet,
3564 832 3712 885 ma-

690 936 877 1002 terve
954 949 1145 1001 sacro
1222 922 1525 999 destinet
1588 921 1989 1000 ministerio
2030 950 2172 1002 non
2246 927 2414 1002 satis
2469 931 2714 1025 aptum
2731 983 2754 1015 ,
2832 951 3046 1026 quem
3097 926 3503 1004 debuissent
3547 952 3712 1028 prae

685 1046 931 1123 ceteris
976 1045 1278 1145 cogitare
1325 1052 1407 1119 ut
1453 1042 1722 1119 felicem
1737 1046 1783 1133 ,“
1824 1044 1887 1118 si
1926 1046 2233 1145 possint,
2282 1046 2350 1122 ei
2394 1047 2632 1147 generi
2668 1047 3082 1125 admoveant
3098 1108 3120 1139 ,
3167 1049 3359 1149 quod
3398 1050 3534 1149 ipsi
3583 1076 3706 1151 po-

687 1168 849 1243 terit
892 1168 1180 1267 placere.
1300 1164 1573 1241 Deinde
1590 1173 1626 1254 ‚'
1682 1164 1743 1238 si
1788 1164 1897 1239 vel
1940 1166 2187 1265 optimi
2234 1175 2554 1265 parentes
2594 1167 2784 1267 ipsos
2827 1168 3007 1245 filios
3055 1177 3130 1244 et
3169 1170 3598 1271 interrogent
3640 1178 3712 1246 et

688 1288 915 1363 multo
980 1278 1267 1363 demum
1337 1284 1573 1361 labore
1630 1283 1928 1360 assecuti
1984 1284 2123 1359 sint
2182 1286 2666 1363 difficillimum
2711 1288 2888 1365 illud
2907 1348 2927 1379 ‚
2996 1289 3170 1389 quid
3228 1290 3513 1367 tandem
3560 1292 3712 1392 ipse

686 1406 921 1505 cupiat
973 1430 1151 1505 puer
1165 1463 1187 1494 ,
1258 1403 1448 1504 quod
1504 1402 1727 1478 solent
1777 1402 2010 1479 conari
2048 1428 2261 1503 quam
2305 1406 2590 1505 plurimi
2631 1413 2706 1481 at
2743 1408 3178 1507 paucissimis
3226 1417 3508 1487 tantum
3549 1436 3710 1488 con·

684 1525 935 1624 tingit,
1008 1523 1303 1600 occurrit
1374 1520 1755 1597 sexcenties
1773 1579 1795 1611 ,
1862 1528 1947 1597 ut
2011 1523 2142 1599 hoc
2208 1524 2319 1600 vel
2376 1524 2527 1601 fieri
2591 1527 2877 1603 omnino
2934 1536 3215 1629 propter
3281 1531 3710 1629 singulorum

686 1643 963 1719 vivendi
1020 1642 1359 1720 rationem
1419 1666 1561 1718 non
1626 1641 1883 1741 possit,
1945 1642 2055 1719 vel
2110 1643 2203 1720 ob
2246 1644 2446 1744 pueri
2493 1645 2928 1722 inscientiam
2969 1648 3108 1748 ipsi
3154 1672 3296 1727 non
3337 1650 3428 1726 sit
3468 1653 3708 1751 profu-

687 1772 947 1839 turum.
1045 1764 1145 1839 At
1189 1770 1469 1863 tempus
1506 1770 1740 1863 urget,
1787 1786 2067 1839 necesse
2105 1771 2246 1853 est,
2294 1789 2470 1863 puer
2503 1770 2590 1839 ut
2625 1764 3032 1842 instituatur
3065 1792 3148 1843 ea
3190 1768 3490 1860 ratione,
3531 1796 3709 1870 quae
3835 1826 3838 1829 -

688 1892 931 1982 aptum
978 1883 1228 1959 reddat
1275 1883 1368 1958 ad
1414 1889 1634 2001 artem
1676 1880 1752 1955 in
1798 1906 1939 1981 qua
1981 1882 2422 1959 habitaturus
2462 1891 2602 1973 est,
2661 1910 2892 1985 neque
2936 1885 3170 1986 ipsum
3217 1892 3540 1989 aequales
3591 1916 3711 1967 an-

682 2004 1025 2080 tecedant.
1148 2002 1263 2078 Sic
1328 2002 1549 2103 igitur
1613 2000 1821 2076 multi
1888 2010 2272 2102 coguntur,
2342 2010 2426 2079 ut
2473 2004 2726 2104 partim
2779 2006 2996 2081 nescii
3041 2007 3213 2106 quid
3259 2017 3514 2109 agant,
3565 2035 3715 2086 sero

684 2122 937 2223 partim
956 2179 977 2211 ,
1046 2129 1129 2197 ut
1183 2122 1325 2197 iam
1384 2145 1525 2197 non
1568 2120 1841 2219 possint
1880 2146 1921 2195 e
1968 2122 2392 2221 quibusdam
2439 2125 2874 2223 argumentis
2916 2125 3202 2225 eligere,
3251 2130 3504 2228 partim
3554 2156 3712 2207 vero

684 2245 1054 2320 immature
1100 2241 1195 2316 ob
1246 2247 1553 2317 mentem
1591 2263 1966 2341 puerorum
2007 2242 2321 2318 nondum
2358 2243 2530 2319 satis
2563 2243 2910 2319 excultam
2929 2301 2952 2332 ‚
3000 2247 3367 2323 consilium
3405 2247 3715 2348 capiant,

580 2418 587 2427 .
684 2360 873 2437 unde
920 2360 1255 2461 pendebit
1298 2360 1441 2435 vita
1484 2360 1713 2455 omnis
1752 2360 2009 2437 futura.
2109 2361 2632 2461 Sapientissima
2678 2362 2996 2439 omnium
3045 2372 3152 2447 est
3197 2367 3372 2441 ratio
3386 2425 3407 2455 ,
3459 2392 3716 2466 eosque

682 2479 917 2556 felices
960 2479 1281 2579 praedico
1317 2478 1576 2578 quibus
1617 2503 1743 2578 per
1782 2480 2083 2579 optimos
2116 2488 2438 2581 parentes
2471 2482 2652 2558 illud
2691 2482 3056 2584 contigerit
3071 2542 3094 2574 ,
3143 2492 3226 2560 ut
3273 2496 3718 2562 secernantur

686 2600 1115 2699 pedetentim
1158 2606 1230 2675 et
1270 2605 1719 2699 segregentur
1761 2599 1924 2676 data
1964 2601 2209 2700 quavis
2242 2602 2762 2702 opportunitate
2819 2628 2902 2679 ea
2949 2628 3129 2703 quae
3181 2606 3466 2681 omnino
3507 2616 3714 2681 erunt

680 2718 1089 2823 reficienda.
1162 2727 1247 2795 ut
1314 2718 1603 2818 reliquis
1670 2719 1999 2796 omnibus
2015 2778 2038 2809 ,
2104 2720 2336 2820 quoad
2385 2722 2536 2797 fieri
2570 2721 2876 2824 potuerit
2892 2780 2914 2813 ,
2981 2747 3180 2800 mens
3216 2724 3713 2833 adolescentuli

678 2837 1091 2914 informetur
1152 2844 1567 2938 apteturque
1586 2896 1609 2929 ,
1678 2844 1763 2913 ut
1823 2838 2077 2915 deinde
2122 2864 2215 2915 ne
2262 2864 2403 2916 una
2453 2841 2740 2940 quidem
2785 2842 2954 2919 hora
3001 2843 3210 2921 citius
3229 2902 3252 2933 ‚
3301 2869 3516 2944 quam
3564 2871 3714 2922 om-

680 2957 852 3036 nino
897 2965 1006 3034 est
1048 2958 1515 3036 necessarium
1532 3017 1553 3050 ,
1600 2982 1776 3059 puer
1813 2958 1965 3058 ipse
2006 2959 2278 3038 dudum
2316 2969 2767 3062 praeparatus
2816 2986 3030 3062 quam
3070 2964 3418 3042 liberrime
3465 2965 3712 3066 eligat,

683 3085 759 3154 et
832 3103 873 3154 e
938 3103 1151 3180 quam
1202 3079 1521 3180 plurimis
1563 3074 2011 3180 reliquorum.
2104 3079 2266 3156 Hoc
2305 3088 2377 3156 et
2418 3083 2652 3182 ipsum
2699 3081 3018 3182 prodest,
3067 3090 3140 3158 et
3181 3085 3502 3160 convenit
3550 3087 3708 3160 uni-

685 3223 883 3274 verso
944 3199 1211 3299 ingenii
1264 3202 1659 3300 progressui
1672 3260 1693 3291 ‚
1744 3193 1848 3276 'ab
1896 3200 2418 3300 simplidssimis
2456 3209 2528 3277 et
2567 3203 2868 3278 maxime
2917 3203 3252 3279 universis
3294 3205 3387 3280 ad
3431 3204 3709 3303 singula

685 3343 958 3419 semper
990 3319 1413 3398 intricatiora
1456 3320 1809 3396 tendentis
1824 3377 1846 3409 ,
1894 3327 1969 3395 et
2009 3321 2152 3397 fere
2194 3322 2367 3398 vitat
2408 3321 2846 3398 incommoda
2886 3320 3050 3396 inde
3084 3323 3438 3399 nascentia
3455 3381 3476 3413 ,
3519 3325 3709 3423 quod

684 3439 1029 3516 electurus
1101 3441 1236 3516 sibi
1296 3441 1549 3541 aliquis
1604 3449 1825 3518 artem
1884 3440 2401 3540 disciplinamve
2441 3442 2827 3540 quamlibet
2871 3441 3254 3518 necessario
3305 3442 3715 3518 addiscendi

682 3565 993 3660 tempore
1055 3560 1197 3636 iam
1252 3569 1503 3638 careat.
1600 3561 1799 3637 Haec
1866 3567 2103 3636 autem
2163 3559 2341 3637 ratio
2383 3560 2804 3637 informandi
2845 3561 3062 3636 animi
3105 3562 3206 3637 ita
3223 3620 3244 3651 ‚
3294 3567 3378 3636 ut
3431 3569 3710 3638 maneat

684 3679 799 3754 ille
859 3703 1073 3779 quam
1140 3679 1533 3757 diutissime
1588 3680 2063 3780 compluribus
2126 3680 2291 3756 satis
2359 3681 2652 3756 idoneus
2670 3740 2691 3771 ‚
2761 3681 2949 3756 unde
2993 3680 3280 3758 tandem
3329 3680 3712 3757 haurienda

685 3808 793 3873 est
811 3857 831 3887 ‚
908 3798 1045 3874 nisi
1114 3824 1202 3876 ex
1260 3800 1581 3876 universa
1644 3823 1729 3876 ea
1783 3825 2015 3876 rerum
2078 3800 2325 3876 notitia
2342 3859 2365 3890 ,
2429 3825 2640 3900 quam
2692 3800 2959 3876 litterae
3007 3802 3341 3900 praebent
3356 3802 3392 3876 Ρ
3465 3801 3714 3878 Cetera

686 3919 871 3994 enim
934 3919 1117 3996 vitae
1179 3920 1660 4019 quotidianae,
1732 3943 1913 4021 quae
1976 3923 2221 4000 eodem
2286 3921 2582 4011 ducant,
2651 3945 2736 3996 ea
2792 3943 2982 3996 nunc
3029 3943 3171 3996 non
3229 3942 3580 3996 moramur
3623 3923 3711 3997 de

688 4038 941 4114 studiis
1007 4046 1080 4114 et
1140 4039 1575 4117 institutione
1641 4048 1927 4139 agentes
1941 4099 1963 4132 ‚
2033 4065 2263 4140 neque
2326 4041 2418 4116 ab
2488 4041 2632 4117 ullo
2689 4038 3051 4116 commode
3116 4047 3446 4139 poterunt
3501 4065 3706 4141 argu-

687 4165 925 4234 mento
990 4159 1255 4236 abesse.
1354 4161 1455 4234 Ut
1513 4168 1751 4236 autem
1810 4161 2048 4237 redeat
2096 4160 2313 4236 oratio
2332 4187 2371 4249 ,·
2421 4161 2609 4235 unde
2665 4159 3064 4249 deflexerit,
3114 4160 3174 4235 si
3223 4151 3490 4237 litterae
3539 4162 3708 4237 haec

687 4275 1015 4354 omnibus
1078 4279 1413 4378 praebent
1430 4337 1451 4370 ,
1516 4280 1591 4355 in
1654 4279 1881 4380 aprico
1942 4286 2084 4369 est,
2136 4277 2362 4353 multo
2409 4277 2636 4378 magis
2678 4278 2869 4354 idem
2915 4279 3138 4354 valere
3192 4279 3280 4354 de
3323 4278 3709 4356 litterarum

684 4398 1129 4498 antiquarum
1199 4400 1453 4476 effectu
1524 4401 1599 4476 in
1659 4425 1779 4476 eos
1796 4457 1817 4490 ,
1886 4399 2012 4499 qui
2070 4398 2282 4474 vit-am
2334 4397 2482 4501 ¹sibi
2545 4397 3007 4473 academicam
3080 4397 3450 4499 elegerint,
3529 4423 3706 4498 quos

684 4516 1121 4616 praesertim,
1200 4526 1273 4594 et
1338 4520 1482 4596 fere
1550 4520 1729 4598 solos
1746 4579 1771 4610 ,
1838 4519 2249 4621 spectandos
2314 4517 2519 4595 nobis
2593 4518 3060 4618 sumpsimus·
3169 4519 3352 4594 Sunt
3424 4518 3712 4618 quidem

684 4635 1119 4735 disciplinae,
1170 4661 1349 4737 quae
1394 4639 1567 4740 ipsis
1614 4664 1757 4716 non
1790 4649 1953 4741 apte
2001 4639 2321 4739 quidem,
2368 4647 2442 4714 at
2484 4637 2716 4738 aliqua
2755 4645 2990 4714 tamen
3035 4663 3124 4713 ex
3161 4646 3356 4739 parte
3393 4648 3710 4728 careant,

678 4777 911 4856 neque
974 4757 1105 4836 hoc
1168 4759 1441 4861 negabo
1460 4817 1483 4853 ,
1550 4785 1751 4854 eum,
1800 4761 1924 4860 qui
1967 4784 2216 4860 corpus
2269 4760 2656 4838 humanum
2709 4767 2818 4836 est
2867 4758 3190 4836 remediis
3235 4767 3710 4847 sustenturus,

3078 4881 3170 4954 37
3182 4878 3226 4926 ¹
