4766 6034
916 620 925 626 ’
1022 616 1109 683 10
1438 560 1449 570 ·
1763 619 1778 633 ⁹
2064 615 2133 682 Τ.
2196 614 2274 680 G.
2334 615 2393 681 J.
2453 612 3023 681 JUYNBOLL

1020 820 1526 907 Nmnunmm,
1596 844 1675 895 ac
1746 820 1981 895 nostra
2042 824 2265 895 aetate
2332 821 2815 909 Summum,
2886 820 3532 909 Buncxnaanrm,
3602 818 4054 910 wammam,

1020 940 1333 1017 Lnrsms
1354 998 1374 1030 ,
1420 940 1871 1029 Rauranum,
1921 940 2038 1014 alii
2057 998 2078 1028 ,
2124 939 2375 1017 itinera
2429 940 2566 1041 ipsi
2615 941 2690 1015 in
2751 939 3113 1015 Orientem
3153 938 3566 1041 suscipiant,
3616 940 3846 1040 quod,
3887 942 4054 1040 quia

1018 1058 1303 1159 privatis
1364 1058 1709 1133 sumtibus
1762 1058 1878 1133 vix
1926 1060 2077 1135 fieri
2131 1067 2398 1159 potest,
2460 1060 2778 1136 Civitatis
2825 1060 3270 1137 Societatisve
3307 1061 3621 1137 eruditae
3659 1062 3941 1136 nomine
3981 1068 4052 1135 et

1017 1178 1348 1278 impensis
1394 1185 1781 1279 peragatur.

1112 1299 1433 1374 Alterum
1457 1357 1476 1387 ,
1546 1298 1736 1397 quod
1795 1298 1871 1373 in
1935 1323 2175 1375 earum
2235 1300 2625 1377 Literarum
2683 1301 3233 1377 emolumentum
3282 1300 3358 1375 in
3408 1299 3651 1400 primis
3700 1323 4050 1375 commen-

1014 1417 1321 1493 dandum
1344 1478 1363 1505 ,
1432 1418 1563 1493 hoc
1632 1428 1739 1493 est
1760 1477 1779 1506 ,
1849 1426 1930 1494 ut
2010 1422 2314 1495 Consulis
2358 1422 2687 1522 leyative
2736 1422 2812 1497 in
2865 1420 3152 1496 Oriente
3205 1420 3558 1520 provincia
3609 1420 3696 1493 iis
3742 1444 4048 1518 praeser-

1012 1538 1141 1612 tim
1186 1538 1596 1626 mandetur,
1648 1539 1772 1636 qui
1810 1562 1974 1613 cum
2022 1539 2311 1615 aliarum
2358 1564 2590 1615 rerum
2611 1600 2632 1630 ,
2682 1566 2862 1639 quae
2902 1542 3014 1617 his
3051 1540 3472 1616 Muneribus
3506 1540 3684 1615 bene
3729 1538 4050 1637 gerendis

1008 1658 1383 1757 requiritur
1400 1717 1420 1747 ,
1498 1658 1741 1732 notitia
1765 1717 1785 1746 ,
1864 1658 2321 1736 Orientalium
2397 1661 2568 1737 item
2644 1659 3080 1760 Linguamm
3153 1660 3514 1737 scientiam
3591 1660 4046 1758 studiumque

1002 1780 1339 1878 jungant,
1390 1778 1647 1876 quibus
1692 1803 1832 1876 quo
1878 1782 2101 1878 magis
2148 1780 2523 1869 excellant,
2576 1806 2657 1855 eo
2699 1780 2998 1881 aptiores
3039 1780 3187 1855 sine
3233 1780 3450 1855 dubio
3486 1780 3598 1855 his
3632 1780 4050 1855 Muneribus

1007 1898 1417 1975 habeantur.
1520 1897 1717 1977 Quid
1754 1899 1827 1971 in
1869 1898 2211 1973 variarum
2246 1900 2787 1999 Disciplinarum
2825 1901 3269 1976 commodum
3306 1900 3472 1975 inde
3515 1900 3772 1999 sperari
3807 1900 4008 1975 liceat
4021 1957 4041 1987 ,

1008 2043 1097 2093 ex
1134 2018 1442 2091 Borma·
1490 2024 1562 2091 et
1610 2017 1993 2109 Lanam,
2054 2026 2125 2094 et
2168 2044 2258 2093 ne
2303 2021 2474 2095 alios
2523 2021 2805 2096 afferam
2848 2023 2970 2114 ¹⁰),
3019 2046 3107 2095 ex
3145 2021 3366 2097 nostri
3401 2020 3786 2095 Wammat
3817 2042 4044 2095 exem·

1004 2139 1122 2238 plo
1166 2145 1381 2236 patet.
3603 2212 3614 2226 ,

1101 2258 1265 2333 Alia
1324 2282 1525 2357 porro
1589 2257 1853 2333 ratione
1917 2258 2351 2334 Bibliotheca
2413 2266 2651 2336 nostra
2705 2258 3110 2359 locupletari
3169 2264 3417 2358 potest.
3518 2255 3737 2331 Multi
3791 2280 4042 2357 nempe

1007 2377 1299 2452 Codices
1347 2378 1503 2452 OO.
1563 2378 1710 2463 sine
1764 2377 1981 2453 dubio
2025 2379 2099 2452 in
2142 2378 2427 2481 privatis
2477 2379 2927 2454 Bibliothecis
2978 2379 3230 2468 latent,
3295 2378 3564 2455 nullam
3617 2383 4044 2477 praestantes

1002 2497 1371 2573 utilitatem
1438 2498 1949 2597 possessoribus
1967 2557 1988 2588 ,
2054 2498 2229 2598 quid
2295 2508 2566 2576 servent
2629 2498 2918 2575 fortasse
2982 2522 3264 2598 prorsus
3334 2497 3838 2598 ignorantibus.
3947 2496 4044 2569 Hi

1000 2616 1199 2691 Libri
1263 2617 1324 2690 si
1380 2616 1823 2692 inveniantur
1836 2676 1857 2706 ,
1908 2618 2179 2694 utinam
2228 2620 2472 2694 eadem
2493 2678 2513 2709 ,
2565 2642 2778 2719 quam
2825 2618 3013 2693 hisce
3056 2617 3257 2695 annis
3302 2617 3465 2716 plus
3515 2617 3729 2693 semel
3777 2616 4042 2716 experti

1006 2760 1251 2811 sumus
1300 2738 1434 2829 ¹¹),
1484 2736 1893 2811 liberalitate
1942 2738 2416 2814 Bibliothecae
2465 2738 2846 2813 donentur!

1098 2858 1205 2931 Ac
1252 2856 1655 2955 hujusmodi
1700 2857 1949 2931 Libros
1992 2882 2383 2933 memorans
2405 2918 2425 2949 ,
2477 2858 2748 2933 silentio
2788 2855 3158 2957 praeterire
3202 2855 3364 2930 nolo
3408 2880 3748 2955 magnum
3795 2855 4039 2929 Orien-

998 2974 1246 3053 talium
1284 2976 1624 3053 Codicum
1671 3001 2039 3053 numerum
2056 3037 2075 3068 ,
2119 2978 2324 3054 hodie
2364 3004 2570 3055 curae
2607 2978 3058 3054 commissum
3105 2978 3470 3052 Societatiff
3507 2977 3774 3076 Regiae
3808 2978 4038 3050 Scien-

994 3098 1247 3171 tt'arum
1302 3100 1953 3174 Amatelodamemis.
2056 3099 2347 3175 Codices
2406 3101 2560 3174 volo
2607 3099 2986 3174 maximam
3029 3103 3299 3196 partem
3350 3121 3393 3172 a
3441 3095 3865 3170 Wrnmumo
3911 3095 4038 3168 In·

990 3221 1227 3292 stituto
1288 3219 1508 3321 Βορέα
1572 3217 2025 3294 Νεένίακᾰίσο
2089 3220 2258 3295 olim
2325 3221 2590 3320 legatos
2645 3222 2765 3312 ¹²).
2867 3217 3015 3297 Qui
3065 3216 3126 3292 si
3187 3215 3304 3290 hic
3361 3218 3848 3314 deponerentur
3901 3239 4042 3289 una

958 3357 965 3365 ·
995 3361 1159 3412 cum
1222 3337 1500 3435 egregio
1549 3336 1853 3412 inchoati
1896 3338 2215 3437 Catalogi
2260 3339 2700 3437 Weijersiani
2749 3342 3088 3437 apparatu
3105 3393 3126 3424 ,
3177 3343 3250 3409 et
3290 3335 3576 3434 reliquis
3622 3334 4000 3409 Codicibus
4016 3392 4038 3422 ,

994 3464 1149 3529 tum
1198 3457 1726 3555 antiquioribus,
1778 3463 1932 3530 tum
1984 3460 2466 3532 recentioribus
2485 3515 2505 3547 ,
2558 3458 2628 3532 et
2669 3481 2905 3532 recens
2959 3455 3238 3531 condita
3282 3452 3660 3528 Academia
3693 3453 3833 3526 ista
3872 3456 4036 3528 cura

994 3575 1335 3648 levaretur
1352 3633 1373 3662 ‚
1412 3574 1511 3648 et
1582 3598 1741 3648 vero
1806 3582 1966 3648 vota
2024 3581 2173 3648 rata
2236 3575 2483 3649 fierent
2543 3601 2586 3650 a
2643 3576 2904 3650 Senatu
2960 3573 3380 3649 Academico
3429 3573 3588 3671 plus
3639 3573 3852 3648 semel
3888 3575 4035 3672 jam

994 3702 1399 3792 nuncupata
1420 3751 1439 3780 ,
1506 3691 1722 3792 probe
1778 3692 2206 3792 intelligente
2226 3753 2245 3783 ,
2295 3695 2566 3770 aditum
2611 3697 2703 3771 ad
2747 3720 2866 3770 eos
2907 3694 3156 3769 Libros
3198 3693 3296 3767 sio
3342 3715 3485 3767 non
3532 3693 3739 3768 modo
3777 3691 4032 3768 facilio-

994 3836 1139 3888 rem
1164 3871 1183 3902 ,
1247 3813 1373 3888 sed
1441 3837 1647 3889 usum
1710 3813 1880 3907 item
1925 3813 2297 3892 Librorum
2338 3817 2438 3890 ita
2475 3817 2878 3916 junctorum
2920 3813 3343 3914 Disciplinae
3387 3813 3610 3887 multo
3654 3812 3800 3886 fore
3849 3814 4029 3886 fruc·

994 3933 1391 4008 tuosiorem.

1098 4288 1567 4363 Consideratis
1623 4287 2094 4365 Bibliothecae
2149 4291 2448 4366 htktm‘ia‘
2485 4299 2558 4366 et
2615 4293 3056 4390 amplitudine
3099 4315 3180 4366 ac
3217 4293 3406 4364 modo
3425 4346 3446 4378 ,
3495 4313 3638 4388 quo
3676 4288 3750 4363 in
3797 4297 4024 4388 postc-

992 4429 1153 4482 rum
1218 4411 1457 4507 auffert·
1520 4408 1780 4508 possit,
1843 4408 1989 4508 jam
2049 4408 2444 4498 videamus,
2494 4435 2672 4509 quae
2719 4409 2811 4484 sit
2848 4409 3104 4508 ipsius,
3155 4433 3334 4506 quae
3377 4407 3552 4483 adeo
3599 4406 4026 4495 celebratur,

980 4532 1441 4630 praestantia.
1551 4529 1801 4604 nHaec
1876 4531 2063 4604 enim
2130 4537 2240 4623 (ut
2298 4530 2727 4604 HAMAKERJ
2759 4528 2985 4603 verbis
3047 4535 3276 4620 utar),
3348 4528 3509 4603 licet
3562 4526 3714 4602 aliis
3760 4525 4024 4600 Biblio-

998 4676 1037 4718 ιι
1060 4647 1279 4721 thecis
1320 4648 1692 4724 Librorum
1738 4674 2029 4725 numero
2070 4649 2351 4724 inferior
2367 4707 2390 4736 ,
2435 4656 2510 4722 at
2552 4648 2892 4722 Codicum
2935 4653 3172 4722 tamen
3215 4653 3289 4722 et
3335 4655 3646 4723 veterum
3697 4655 3769 4722 et
3821 4645 4021 4720 raris·

1000 4795 1037 4836 n
1058 4766 1387 4843 simorum
1453 4775 1524 4843 et
1584 4769 1659 4844 in
1722 4770 1914 4846 omni
1983 4768 2283 4867 denique
2344 4767 2888 4867 Disciplinarum
2947 4791 3200 4868 genere
3265 4791 3538 4844 summo
3579 4789 3742 4841 cum
3791 4761 4026 4839 studio
