4766 6034
1211 652 1298 718 86
1619 682 1622 687 ·
2414 645 2490 714 Η.
2562 648 2632 714 Ε.
2702 643 3047 715 VINKE

1209 860 1392 933 tium
1444 854 1822 955 Apostolus
1841 912 1862 943 ,
1931 854 2054 954 qui
2111 862 2284 954 quot
2338 861 2738 955 quantaque
2788 880 2913 954 pro
2963 855 3277 928 Cmus'm
3326 876 3535 927 causa
3582 875 3947 953 perpessus
4000 854 4213 944 fuerit,

1207 981 1282 1053 in
1343 978 1554 1052 altera
1617 1000 1743 1051 sua
1809 975 1900 1049 ad
1973 976 2352 1049 Corinthios
2399 975 2690 1074 epistola
2749 974 3087 1051 enarravit
3126 974 3249 1067 ⁷⁴¹).
3352 973 3578 1048 Testis
3638 981 3748 1048 est
3790 974 4073 1074 insignis
4114 976 4213 1050 illa

1211 1100 1606 1196 Martyrum
1651 1119 1934 1185 corona,
1978 1096 2102 1195 qui
2148 1096 2297 1169 dira
2339 1097 2623 1195 quaevis
2663 1097 2810 1196 pati
2850 1104 3285 1194 mortemque
3308 1094 3821 1171 acerbissimam
3852 1094 4075 1169 subire
4096 1121 4212 1171 non

1207 1218 1662 1305 dubitarunt,
1728 1216 1801 1289 in
1864 1216 1972 1289 his
2021 1218 2368 1291 IeNA'rms
2389 1275 2409 1305 ,
2459 1218 2941 1292 PonrcARPus
2960 1276 2979 1304 ‚
3029 1216 3453 1291 Crranmus
3474 1273 3494 1303 ,
3542 1214 3733 1315 ipsae
3778 1215 3953 1291 adeo
4002 1216 4213 1290 mulie-

1209 1364 1360 1426 reS,
1415 1341 1860 1413 Po'rAmANA
1883 1397 1902 1433 ,
1952 1338 2387 1426 ΡΕΒΡΕΤΠΑ,
2434 1339 2830 1413 ἙΕΜΟΙΤΑΒ
2877 1339 2999 1430 75).
3098 1337 3349 1435 Neque
3392 1336 3465 1410 in
3514 1336 3756 1435 primis
3800 1341 4067 1411 tantum
4112 1338 4214 1409 So-

1209 1459 1475 1535 cietatis
1501 1458 1933 1533 Christianae
1961 1459 2207 1533 seculis
2227 1516 2248 1547 ,
2293 1459 2415 1533 sed
2450 1459 2987 1535 instauratarum
3025 1456 3237 1532 etiam
3277 1482 3508 1532 rerum
3542 1481 3889 1532 sacrarum
3911 1464 4215 1555 tempore,

1207 1582 1281 1654 in
1349 1580 1502 1679 ipsa
1556 1603 1834 1679 quoque
1877 1578 2100 1679 patria
2143 1586 2378 1654 nostra
2424 1582 2519 1672 ⁷⁶)
2536 1639 2556 1667 ,
2630 1586 2801 1679 quot
2844 1578 3207 1653 hominum
3253 1578 3499 1667 millia,
3559 1576 3976 1653 feminarum
4028 1600 4216 1675 aeque

1205 1726 1286 1775 ac
1349 1699 1646 1775 marium
1671 1760 1688 1788 ‚
1756 1700 1969 1774 fidem
2025 1724 2224 1775 suam
2268 1708 2489 1776 morte
2535 1700 2878 1775 dirissima
2923 1696 3403 1799 probaverint,
3466 1696 3603 1797 ipsi
3646 1698 3956 1773 novistis.
4052 1697 4219 1772 Haec

1208 1819 1603 1895 Christiana
1648 1818 1822 1893 fides
1867 1826 2003 1908 est,
2054 1844 2233 1918 quae
2277 1826 2469 1895 tanto
2494 1820 2770 1920 pietatis
2808 1818 3078 1908 studi0,
3117 1824 3315 1893 tanto
3338 1842 3569 1894 amore
3589 1877 3609 1907 ,
3658 1827 3855 1894 tanta
3888 1817 4219 1919 patientia,

1208 1950 1542 2040 tantaque
1583 1966 1709 2016 nos
1754 1940 2011 2015 imbuit
2060 1939 2465 2015 constantia.
2568 1940 2764 2015 Haec
2812 1940 2963 2015 eius
3017 1938 3120 2013 vis
3178 1947 3286 2015 est
3341 1947 3551 2038 atque
3606 1938 4015 2027 efficacita83
4075 1938 4219 2011 haec

1206 2086 1366 2135 vera
1433 2062 1581 2135 eius
1644 2060 1933 2136 indoles
2035 2063 2238 2139 Quae
2300 2084 2462 2134 cum
2530 2061 2630 2135 ita
2702 2060 2877 2148 sint,
2944 2084 3083 2135 non
3150 2068 3299 2151 est,
3368 2061 3557 2160 quod
3616 2060 3991 2147 miremur,
4031 2060 4217 2155 fidem

1206 2182 1598 2258 Cnms'rtm
1653 2208 1694 2256 a
1734 2180 1934 2256 nobis
1975 2182 2356 2283 postulare,
2426 2188 2508 2254 ut
2559 2182 2711 2255 Deo
2758 2180 3153 2279 placeamus
3194 2180 3328 2273 77),
3380 2189 3451 2257 et
3511 2176 4222 2279 peccatorum-condo·

1203 2302 1556 2377 nationem
1605 2302 1956 2400 vitamque
2004 2310 2352 2377 aeternam
2402 2326 2931 2400 consequamur.

1299 2778 1590 2855 Utinam
1687 2780 1864 2853 hanc
1954 2802 2184 2855 veram
2265 2778 2432 2853 fidei
2508 2777 2941 2853 Christianae
3021 2781 3375 2855 notionem
3456 2804 3695 2856 omnes
3766 2780 3841 2854 et
3918 2779 4217 2853 memoria

1199 2901 1639 2988 tenuissent,
1711 2899 1782 2973 et
1840 2900 1913 2973 in
1973 2900 2223 2975 animis
2287 2899 2835 2998 impressissentl
2940 2899 3078 2973 Sed
3128 2924 3340 2998 quam
3391 2901 3676 3000 plurimi
3718 2924 3876 2975 eam
3926 2898 4218 2998 neglexe-

1197 3029 1365 3096 runt
1441 3029 1512 3096 et
1586 3021 2064 3098 obscurarunt.
2165 3021 2382 3100 Quod
2448 3031 2530 3096 ut
2601 3028 2873 3121 pateat,
2960 3021 3189 3096 secula
3252 3047 3432 3120 quae
3505 3021 3833 3098 effluxere
3891 3019 4117 3095 animo
4166 3025 4223 3090 et

1195 3143 1610 3242 cogitatione
1660 3144 1958 3218 breviter
2003 3165 2508 3242 percurramus

1292 3264 1508 3363 Apud
1561 3265 1820 3336 Patres
1866 3263 2284 3361 Apostolicos
2329 3262 2505 3337 nihil
2562 3261 2703 3336 fere
2722 3320 2741 3351 ‚
2804 3263 2894 3338 ad
2950 3269 3257 3338 nostram
3310 3287 3591 3338 causam
3637 3271 3965 3362 spectans
3982 3322 4001 3350 ,
4048 3285 4215 3360 repe·

1189 3383 1387 3458 ritur.
1489 3384 1816 3458 Laudant
1867 3382 2152 3481 quidem
2204 3382 2316 3457 hic
2367 3383 2508 3457 illic
2560 3383 2773 3456 fidem
2796 3441 2815 3470 ,
2864 3383 2986 3456 sed
3033 3407 3265 3458 veram
3306 3383 3457 3458 eius
3500 3383 3859 3459 notionem
3896 3403 4219 3480 nusquam

1193 3503 1715 3600 explicuerunt,
1782 3502 1944 3577 licet
2007 3503 2410 3602 opinionum
2435 3562 2454 3592 ,
2531 3527 2709 3602 quae
2764 3501 3015 3578 deinde
3060 3502 3469 3604 viguerunt,
3536 3505 3803 3580 semina
3848 3505 3927 3579 in
3972 3504 4220 3579 illorum

1195 3623 1466 3720 scriptis
1516 3622 1654 3697 iam
1699 3623 2139 3698 inveniantur
2159 3625 2280 3716 78).
2333 3667 2437 3684 -—-
2488 3623 2747 3698 Patres
2785 3647 2943 3697 vero
2994 3625 3477 3699 Ecclesiastici
3524 3649 3721 3699 suam
3768 3626 3860 3700 de
3903 3625 4045 3700 fide
4087 3645 4217 3696 sen-

1191 3742 1486 3815 tentiam
1542 3741 1766 3840 magis
1809 3741 2172 3841 magisque
2218 3743 2696 3843 explanarunt.
2780 3743 3137 3817 Nimirum
3157 3801 3177 3832 ,
3232 3749 3314 3817 ut
3359 3744 3787 3846 Apologetae
3834 3735 4215 3844 religionem

1193 3860 1662 3936 Christianam
1725 3861 1814 3936 ab
1865 3861 2163 3936 inimicis
2208 3862 2711 3951 defendebant,
2778 3862 2874 3937 sic
2928 3863 3045 3936 alii
3094 3863 3427 3938 Doctores
3474 3863 3851 3939 Christiani
3910 3863 4001 3940 ab
4058 3885 4213 3937 erro·

1187 3981 1383 4056 ribus
1408 4042 1426 4070 ,
1471 3983 1593 4080 qui
1639 3981 1858 4056 exorti
1909 3991 2105 4057 erant
2137 3983 2206 4056 in
2233 3982 2541 4057 Ecclesia
2566 4041 2586 4071 ,
2618 3982 2963 4057 vindicare
3011 4007 3163 4058 eam
3212 3984 3653 4059 studuerunt.
3719 3982 4065 4058 Videmus
4104 3983 4215 4054 hoc

1187 4103 1328 4177 iam
1397 4103 1469 4176 in
1543 4101 1870 4176 Patribus
1939 4105 2269 4177 Asiaticis
2329 4110 2402 4177 et
2471 4103 2909 4177 Antiochenis
2932 4161 2953 4190 ‚
3020 4103 3430 4179 nominatim
3490 4105 3563 4178 in
3623 4105 3963 4179 Ianuario
3986 4163 4005 4191 ,
4071 4103 4212 4202 qui,

1191 4224 1322 4298 etsi
1367 4225 1516 4323 ipse
1559 4223 1842 4296 inutiles
1889 4222 2300 4321 frivolasque
2347 4224 2433 4298 de
2484 4223 2815 4322 religione
2858 4223 3295 4322 quaestiones
3337 4223 3892 4312 condemnabat,
3946 4227 4213 4325 quinque

1189 4353 1422 4418 tamen
1494 4347 1816 4419 adversus
1877 4345 2193 4418 haereses
2254 4345 2464 4418 libros
2524 4342 2950 4442 conscripsit.
3070 4343 3492 4442 Spectabant
3553 4343 3771 4443 igitur
3850 4345 3928 4418 in
3992 4342 4210 4442 primis

1189 4465 1539 4540 doctrinae
1600 4463 2071 4563 integritatem
2091 4523 2110 4552 ‚
2169 4470 2380 4562 atque
2431 4464 2607 4539 adeo
2654 4465 2745 4538 ad
2791 4463 3221 4539 intellectum
3264 4465 3669 4564 praesertim
3716 4463 3935 4539 fidem
3982 4463 4208 4538 refere-

1189 4585 1380 4659 bant.
1430 4627 1525 4641 -
1579 4585 1718 4658 Sed
1782 4585 1870 4658 de
1935 4588 2424 4660 Alemandrinis
2484 4585 2556 4659 in
2624 4583 2864 4683 primis
2920 4583 3295 4658 dicendum
3344 4584 3545 4659 nobis
3594 4592 3719 4660 est.
3822 4585 3930 4658 Hi
3972 4583 4209 4683 igitur,

1189 4727 1316 4800 pro
1363 4729 1488 4780 sua
1531 4705 1618 4779 de
1665 4705 2059 4781 Christiana
2104 4705 2434 4806 religione
2480 4703 2825 4780 sentiendi
2864 4711 2936 4778 et
2980 4704 3510 4805 philosophandi
3550 4704 3815 4780 ratione
3836 4762 3858 4791 ,
3907 4729 4045 4802 qua
4065 4763 4083 4790 ,
4128 4701 4207 4776 ad

1193 4822 1572 4900 doctrinam
1647 4825 1796 4900 eius
1863 4826 2164 4902 maxime
2223 4827 2657 4902 attendentes
2680 4887 2701 4916 ,
2776 4829 2917 4917 τὴν
2964 4829 3227 4905 πίστιν
3276 4827 3367 4901 ad
3410 4829 3548 4920 τὴν
3592 4833 3895 4926 γνῶσιν
3940 4823 4208 4900 evehere
