4766 6034
1863 655 2550 729 ORATIO..
2821 718 2824 721 .
3555 652 3684 724 193

642 872 776 945 ties
822 870 1056 945 fistula
1105 869 1305 945 dulce
1352 866 1573 954 canit,
1623 865 1970 950 volucrem
2017 868 2189 942 dum
2235 866 2492 965 decipit
2541 888 2830 963 auceps3
2883 886 3120 938 eorum
3173 873 3408 939 contra
3431 922 3450 953 ‚
3502 888 3681 964 quae

644 1000 943 1065 veterem
984 988 1398 1065 sententiam
1456 994 1909 1086 pepererunt,
1960 994 2173 1062 testes
2220 992 2386 1062 sunt
2429 984 3026 1084 locupletissimae.
3147 986 3397 1085 Itaque
3444 986 3520 1059 id
3561 1009 3688 1058 nos

640 1112 717 1185 in
785 1112 973 1187 lucro
1036 1110 1455 1209 deputamus
1478 1165 1497 1196 ‚
1556 1106 1833 1206 cognita
1886 1106 2004 1182 illa
2066 1114 2137 1181 et
2198 1107 2362 1181 trita
2421 1130 2557 1199 non
2609 1104 2909 1204 amplius
2954 1104 3086 1179 niti
3128 1104 3403 1180 iudiciis
3447 1106 3686 1181 adver-

644 1230 977 1306 sariorum
998 1290 1017 1319 ‚
1070 1255 1367 1329 quorum
1414 1252 1671 1307 errores
1720 1252 1939 1326 paene
1986 1253 2148 1303 cum
2198 1228 2373 1303 lacte
2423 1226 2660 1301 matris
2709 1226 2974 1299 suxisse
3027 1226 3474 1331 perhibemur
3493 1286 3513 1317 ,
3567 1227 3689 1301 sed

642 1349 815 1449 ipsis
881 1350 1014 1426 niti
1063 1358 1424 1427 auctorum
1476 1347 1887 1424 testimoniis
1911 1409 1930 1437 ‚
2000 1374 2178 1447 quae
2242 1348 2316 1422 hi
2380 1348 2634 1422 frustra
2676 1346 2920 1421 crassis
2971 1346 3272 1421 tenebris
3318 1346 3687 1421 circumfu-

645 1472 918 1546 derunt.
1017 1471 1167 1546 Aut
1224 1469 1421 1543 fallor
1475 1474 1599 1543 aut
1658 1469 1999 1544 confidere
2056 1468 2164 1543 his
2220 1467 2688 1542 monumentis
2731 1467 2911 1543 licet.
3014 1469 3465 1567 Quamquam
3520 1466 3689 1541 haec

594 1668 602 1677 ,
644 1616 785 1665 non
845 1591 945 1665 ita
1004 1616 1047 1664 a
1110 1614 1222 1663 me
1280 1588 1761 1687 disputantur,
1814 1598 1893 1662 ut
1941 1612 2189 1688 parum
2236 1586 2398 1661 novi
2443 1586 2644 1663 nobis
2693 1584 3031 1684 impertiri
3084 1585 3494 1660 existimem.
3597 1586 3692 1658 Et

644 1718 883 1785 contra
930 1716 1161 1783 statuo
1208 1716 1279 1783 et
1331 1707 1632 1807 plurima
1671 1732 1908 1783 eorum
1933 1767 1952 1795 ‚
2002 1733 2182 1807 quae
2233 1708 2363 1781 hoc
2408 1706 2689 1781 nomine
2738 1730 2810 1779 se
2855 1705 3383 1793 commendant,
3434 1706 3692 1806 gravis-

646 1830 823 1905 sima
861 1854 1011 1904 esse
1054 1828 1416 1905 contendo,
1521 1827 1735 1906 Quod
1780 1827 1840 1903 si
1884 1827 2283 1927 singillatim
2328 1825 2653 1927 persequi
2697 1825 2938 1901 vellem
2957 1884 2977 1913 ,
3020 1834 3300 1925 tempus
3335 1852 3445 1901 me
3488 1826 3695 1901 citius

646 1974 855 2049 quam
900 1956 1387 2049 argument-um
1438 1947 1778 2022 deficeret.
1879 1948 2065 2022 Nam
2114 1949 2255 2023 sive
2292 1947 2554 2048 patriae
2595 1954 2868 2021 nostrae
2913 1969 3024 2019 res
3063 1946 3453 2045 cogitamus
3505 1946 3657 2021 illas
3675 2007 3696 2035 ‚

648 2071 737 2145 ad
782 2094 955 2168 quas
1003 2070 1353 2143 mentione
1406 2068 1712 2167 Philippi
1762 2077 2007 2167 sponte
2056 2068 2432 2144 deferimur
2451 2128 2470 2156 ‚
2521 2067 2664 2141 sive
2708 2066 3036 2140 Carolum
3078 2070 3474 2165 spectamus
3515 2067 3695 2141 eius-

648 2190 807 2264 dem
862 2197 1129 2288 patrem
1150 2247 1169 2278 ‚
1242 2188 1383 2263 sive
1434 2212 1775 2262 sacrorum
1802 2248 1821 2275 ,
1882 2190 1997 2263 cui
2038 2214 2164 2264 suo
2213 2198 2506 2288 uterque
2547 2186 2755 2261 modo
2796 2185 3090 2273 restitit,
3143 2186 3696 2262 emendationem

625 2312 757 2384 ·vel
816 2310 1025 2385 etiam
1085 2334 1202 2385 eos
1266 2308 1695 2384 attendimus
1716 2366 1735 2397 ‚
1803 2334 2098 2407 quorum
2156 2310 2300 2385 fata
2362 2308 2452 2409 ab
2514 2309 2644 2383 hac
2716 2306 3161 2380 conversione
3224 2331 3364 2381 non
3416 2308 3700 2383 omnino

649 2430 945 2529 separari
1004 2440 1296 2529 possunt
1316 2488 1334 2517 ,
1408 2429 1707 2503 Mariam
1776 2430 2127 2506 Stuartam
2149 2490 2169 2519 ,
2237 2432 2628 2505 Gustavum
2676 2412 3082 2525 Adolphum
3100 2485 3119 2515 ,
3169 2426 3660 2502 Cromwellum
3679 2488 3696 2517 ‚

650 2551 815 2625 alios
838 2610 859 2639 ,
932 2550 1074 2625 sive
1139 2550 1516 2625 recentiora
1574 2549 1805 2624 animo
1878 2550 2329 2625 obversantur
2347 2609 2367 2638 ,
2438 2549 2701 2648 ubique
2721 2606 2738 2635 ‚
2811 2571 2898 2621 ne
2967 2547 3348 2621 Turcarum
3411 2547 3699 2646 quidem

647 2670 935 2771 imperio
1010 2677 1297 2771 excepto
1316 2730 1336 2759 ‚
1410 2672 1483 2745 in
1551 2694 1631 2743 ea
1692 2670 2065 2745 incidimus
2090 2730 2108 2760 ,
2180 2670 2438 2770 quibus
2499 2696 2585 2743 ex
2635 2665 3037 2742 huiusmodi
3088 2674 3700 2741 monumentorum

648 2791 884 2866 studio
946 2791 1067 2866 lux
1136 2800 1289 2866 tum
1352 2792 1613 2867 affulsit
1675 2796 1829 2864 tum
1892 2791 2139 2865 merito
2196 2796 2530 2887 speratur.
2631 2788 2882 2884 Neque
2931 2785 3180 2860 seculis
3220 2780 3530 2885 proxime
3581 2810 3698 2861 ex-

646 2912 817 2987 actis
882 2910 1348 2986 contineretur
1413 2911 1629 2985 oratio
1651 2968 1669 2997 ,
1740 2909 1864 2984 sed
1931 2933 2056 3009 per
2125 2909 2359 3008 plures
2430 2913 2859 3006 percurreret
2931 2905 3144 2981 medii
3209 2906 3357 2982 aevi
3428 2914 3660 3005 partes
3679 2966 3700 2995 ,

581 3075 586 3081 ·
646 3057 825 3132 quae
891 3039 1050 3132 post
1111 3030 1627 3108 Robertsonum
1694 3039 1766 3105 et
1836 3030 2245 3105 Hallamum
2302 3028 2395 3104 ad
2452 3028 2828 3103 Grimmios
2881 3027 3128 3102 fratres
3169 3027 3377 3102 simili
3416 3035 3698 3103 ornatae

648 3161 815 3227 sunt
872 3177 962 3226 ex
1026 3152 1331 3252 limpidis
1396 3151 1707 3226 fontibus
1762 3149 2127 3224 hauriendi
2174 3175 2357 3224 cura.
2464 3148 2658 3227 Quid
2678 3207 2698 3236 ,
2748 3147 2939 3245 quod
2987 3146 3229 3220 eadem
3273 3146 3348 3220 in
3395 3146 3696 3246 antiqui-

646 3280 869 3348 tatem
911 3271 1296 3360 recederet,
1348 3296 1487 3347 non
1528 3279 1802 3346 tantum
1850 3269 2343 3378 Inscriptiones
2396 3277 2547 3346 tum
2590 3267 2930 3342 Asiaticas
2980 3273 3133 3340 tum
3181 3267 3478 3342 Graecas
3505 3266 3696 3341 Lati-

644 3414 917 3489 nasque
981 3390 1409 3466 memorandi
1476 3415 1687 3465 causa
1705 3449 1725 3476 ‚
1798 3390 1920 3464 sed
1982 3389 2297 3464 omnium
2358 3388 2664 3465 maxime
2715 3395 2798 3461 ut
2861 3413 2948 3461 ex
3002 3385 3424 3486 gravissimis
3472 3386 3696 3485 iisque

613 3509 1033 3586 admodum
1086 3509 1323 3584 arduis
1388 3511 1555 3584 varii
1613 3511 1885 3610 g‘eneris
1944 3511 2293 3586 laboribus
2350 3509 2738 3609 studiisque
2796 3507 3040 3582 aetatis
3093 3515 3368 3582 nostrae
3421 3507 3494 3582 in
3537 3531 3696 3606 ape-

641 3629 908 3706 riendis
956 3629 1271 3730 fontibus
1310 3631 1730 3706 alacritatem
1775 3632 2217 3706 ostenderet?
2289 3630 2561 3705 Priscae
2603 3628 2908 3726 Aegypti
2947 3627 3197 3702 rudera
3241 3628 3394 3702 volo
3415 3687 3434 3716 ,
3489 3627 3692 3702 silen-

644 3751 829 3824 tium
888 3773 1208 3848 rumpere
1264 3759 1529 3825 coacta:
1598 3751 1864 3823 fructus
1918 3748 2073 3822 dico
2118 3747 2449 3822 itinerum
2494 3747 2569 3821 in
2617 3747 2858 3821 Asiam
2906 3746 3426 3836 occidentalem
3477 3747 3694 3820 maxi·
3836 3733 3842 3740 ³

646 3892 903 3966 meque
970 3868 1042 3942 in
1101 3867 1385 3967 Lyciam
1450 3876 1966 3968 susceptorum:
2037 3874 2109 3941 et
2172 3892 2333 3942 vero
2391 3866 2714 3965 reliquias
2761 3866 3072 3965 intelligo
3115 3867 3529 3942 Niniviticas
3547 3926 3568 3956 ‚
3617 3867 3692 3942 in

648 3987 1071 4088 posteritatis
1130 3997 1487 4087 tamquam
1562 3995 1933 4087 conspectu
2003 3987 2167 4086 poni
2239 3995 2538 4086 coeptas,
2669 3987 2949 4061 Etenim
2975 4045 2994 4074 ,
3067 3987 3128 4060 si
3196 3987 3402 4062 aedes
3466 3988 3694 4087 regiae

648 4132 911 4206 eaeque
974 4108 1567 4207 splendidissimae
1626 4119 1784 4208 post
1842 4107 2087 4207 viginti
2130 4106 2438 4207 quinque
2488 4107 2716 4181 secula
2765 4107 2910 4181 solo
2951 4113 3290 4181 eruuntur
3342 4115 3412 4180 et
3462 4106 3691 4207 gentis

649 4227 1171 4325 antiquissimae
1221 4229 1294 4304 in
1350 4231 1545 4304 cultu
1597 4238 1668 4304 et
1714 4229 2143 4303 humanitate
2184 4251 2589 4326 progressus
2609 4286 2628 4315 ,
2677 4251 2852 4325 quos
2897 4252 2986 4301 ne
3033 4227 3360 4325 suspicati
3403 4226 3688 4325 quidem

646 4371 961 4434 eramuS,
1025 4348 1506 4436 innotescunt;
1578 4349 1638 4422 si
1708 4349 1867 4424 hinc
1938 4347 2374 4423 necessitudo
2443 4347 2610 4421 artis
2677 4347 3026 4421 orientalis
3081 4354 3153 4420 et
3208 4344 3686 4432 occidentaliS,

648 4468 711 4540 si
766 4465 1206 4566 chronologia
1262 4479 1333 4543 et
1393 4469 1865 4567 interpretatio
1930 4469 2206 4543 Codicis
2268 4467 2456 4541 Sacri
2515 4465 2783 4565 aliaque
2843 4466 3043 4565 plura
3092 4464 3318 4539 lucem
3363 4463 3647 4562 capiunt
3663 4499 3683 4554 3

648 4585 955 4682 denique
1018 4585 1077 4660 si
1133 4587 1206 4661 in
1268 4589 1377 4663 his
1433 4614 1571 4663 non
1616 4589 1893 4664 fortuna
1939 4589 2332 4663 dominatur
2354 4647 2373 4675 ‚
2425 4585 2549 4661 sed
2593 4584 3050 4684 cognoscendi
3098 4610 3324 4672 amor,
3371 4584 3688 4660 omnium

647 4711 1037 4780 contemtor
1097 4707 1579 4785 difficultatum
1605 4767 1624 4797 ,
1691 4709 1949 4809 primas
2016 4709 2195 4809 agit,
2262 4709 2578 4806 ineptum
2647 4717 2754 4780 est
2816 4707 2952 4780 huc
3014 4705 3379 4780 transferre
3442 4713 3686 4805 poetae

648 4825 827 4900 illud
875 4827 1101 4925 etquid
1150 4829 1443 4928 dignum
1492 4837 1686 4904 tanto
1734 4829 1905 4904 feret
1958 4829 2068 4903 hic
2114 4827 2484 4928 promissor
2532 4827 2834 4901 hiatu?’'
2907 4827 3059 4926 Ego
3114 4837 3351 4902 contra
3394 4827 3491 4902 sic
3549 4827 3684 4899 col-

3213 4949 3302 5020 25
