4766 6034
1896 627 2452 695 ORATIO.
3569 628 3697 695 301

660 834 775 911 hic
818 856 1097 935 quoque
1142 833 1345 911 liceat
1388 833 1701 911 modeste
1742 842 1977 911 tamen
2022 829 2694 937 swfisoomopsw.
2785 837 2946 927 Qua
2984 834 3301 911 libertate
3348 860 3430 911 eo
3480 835 3698 911 liben-

662 954 803 1029 tius
849 961 1007 1028 utar
1021 1012 1042 1043 ,
1104 954 1431 1054 quoniam
1480 978 1708 1055 neque
1760 980 1881 1031 vos
1924 956 2081 1033 ideo
2142 982 2256 1034 me
2306 957 2629 1033 effecistis
2651 1015 2672 1046 ,
2735 956 3010 1057 qualem
3073 956 3352 1032 creastis
3367 1016 3388 1046 ,
3416 963 3531 1032 .ut
3575 980 3702 1057 pro

660 1082 1087 1163 antecessore
1126 1074 1553 1151 adulatorem
1598 1076 1978 1165 haberetis,
2027 1101 2155 1155 nec
2200 1077 2374 1153 dum
2426 1102 2694 1178 aequus
2746 1101 2862 1171 ero
2912 1075 3138 1151 dicere
3180 1076 3378 1153 aliter
3415 1100 3702 1176 possum

662 1216 877 1292 quam
938 1193 1161 1269 multa
1214 1218 1334 1269 vos
1400 1194 1774 1271 laudabilia
1834 1195 1979 1272 iam
2027 1196 2366 1286 effecisse,
2432 1197 2605 1273 dum
2655 1203 3026 1297 supersunt
3079 1196 3478 1271 etiamnunc
3516 1196 3700 1295 paris

663 1312 999 1388 momenti
1044 1313 1188 1388 fere
1233 1314 1451 1413 plura.
1552 1313 1694 1389 Sed
1750 1314 1919 1391 haec
1962 1315 2283 1392 addenda
2330 1340 2482 1394 esse
2525 1324 2598 1391 et
2647 1341 2780 1415 ego
2825 1340 2952 1391 suo
3002 1324 3308 1415 tempore
3355 1340 3494 1389 non
3538 1315 3698 1389 reti-

568 1474 577 1481 ·
664 1431 835 1509 cebo
853 1489 876 1523 ,
917 1456 1145 1531 neque
1190 1456 1311 1515 vos
1356 1434 1593 1509 leviter
1640 1435 2017 1536 negabitis,
2065 1444 2139 1512 at
2179 1436 2293 1511 die
2339 1436 2516 1511 festo
2563 1436 2652 1511 de
2693 1438 2780 1511 iis
2828 1460 3052 1512 sermo
3099 1435 3366 1535 longior
3404 1460 3492 1511 ne
3537 1436 3661 1509 fiat
3679 1491 3700 1522 ,

662 1577 895 1651 neque
963 1552 1188 1627 ullum
1252 1576 1383 1652 ego
1446 1551 1759 1629 fecissem
1782 1614 1805 1646 ,
1872 1558 1949 1632 ni
2008 1556 2239 1655 palam
2307 1555 2678 1631 voluissem
2740 1556 3046 1656 profiteri
3063 1613 3084 1645 ,
3148 1556 3380 1654 qualia
3442 1562 3704 1630 vestrae

667 1672 1183 1748 benevolentiae
1222 1673 1363 1749 iam
1404 1672 1697 1750 debeam
1714 1734 1735 1765 ,
1777 1656 1849 1751 et
1890 1684 2153 1775 quanta
2188 1699 2390 1775 porro
2427 1676 2517 1751 ab
2555 1675 2798 1751 eadem
2834 1675 3310 1751 benevolentia
3347 1681 3702 1774 exspecto,

667 1799 853 1869 certo
916 1791 1277 1891 profutura
1332 1792 1533 1867 bonis
1588 1793 1833 1869 litteris
1847 1853 1868 1884 ,
1915 1794 2426 1894 iuvenibusque
2474 1794 2746 1871 nostris.
2847 1793 3050 1885 Quod
3104 1803 3187 1869 ut
3237 1794 3502 1869 faciatis
3521 1852 3542 1881 ,
3585 1794 3705 1868 be-

668 1913 883 2010 nigna
930 1936 1053 1987 vos
1094 1912 1239 1988 fata
1280 1920 1590 2002 servent,
1642 1922 1713 1988 te
1756 1916 2156 2014 praesertim
2179 1928 2218 2005 ,’
2249 1913 2634 1990 venerande
2681 1914 3148 2009 Momm-ssu
3167 1972 3186 2003 ,
3234 1938 3445 2012 quem
3485 1914 3711 1988 otium
3861 1936 3867 1943 ·

670 2042 743 2107 et
805 2032 1002 2132 quies
1064 2032 1235 2122 ista,
1298 2031 1556 2131 quibus
1616 2040 1687 2109 te
1752 2035 2168 2133 permissum
2229 2034 2430 2110 inviti
2489 2034 2826 2122 vidimus,
2885 2034 3154 2109 utinam
3219 2056 3499 2132 corpore
3547 2055 3711 2107 mox

672 2153 1023 2252 vigentem
1080 2152 1417 2241 reddant,
1482 2159 1565 2227 ut
1606 2153 1827 2252 possit
1868 2152 2092 2230 laetus
2137 2179 2416 2255 quoque
2461 2153 2739 2229 animus
2785 2154 2876 2228 ad
2925 2152 3297 2252 pristinum
3343 2153 3582 2227 florem
3632 2175 3714 2225 eo

674 2272 1113 2371 splendidius
1172 2271 1435 2360 redire,
1504 2295 1645 2370 quo
1718 2273 1951 2351 minus
2018 2298 2144 2349 nos
2204 2274 2508 2349 iuniores
2580 2274 2942 2371 hucusque
3009 2273 3522 2407 intelligamus,
3582 2269 3713 2345 hoc

672 2400 877 2467 tuum
927 2392 1285 2492 ingenium
1336 2392 1697 2492 languere,
1767 2417 1893 2469 nec
1951 2394 2086 2470 sibi
2130 2419 2257 2494 par
2298 2394 2440 2469 iam
2491 2418 2678 2482 esse,
2731 2418 2874 2528 quo
2925 2392 3152 2491 magis
3194 2398 3713 2488 exspectemus,
3815 2384 3820 2389 ’

674 2512 847 2611 quid
891 2510 1177 2588 demum
1223 2519 1510 2611 vegetus
1555 2512 1818 2601 valeas,
1870 2538 2081 2612 quem
2128 2514 2456 2614 languere
2499 2536 2639 2587 non
2689 2512 2824 2587 nisi
2870 2511 3081 2587 fando
3127 2509 3476 2585 audivisse
3510 2507 3716 2583 nobis

676 2631 1011 2707 videmur.
1126 2634 1281 2732 Ego
1326 2640 1605 2721 autem,
1652 2632 1843 2733 quod
1890 2640 1961 2707 et
2003 2631 2135 2707 tibi
2178 2642 2250 2708 et
2292 2632 2536 2709 ceteris
2586 2631 2852 2708 dictum
2904 2631 3096 2719 volo,
3143 2638 3305 2705 utut
3351 2629 3481 2716 sit,
3524 2628 3720 2704 omni

680 2752 745 2827 vi
793 2752 1101 2842 annitar,
1147 2762 1230 2827 ut
1282 2752 1579 2853 dignum
1630 2777 1742 2828 me
1784 2752 2097 2829 evincam
2140 2752 2271 2829 hac
2315 2734 2642 2827 cathedra
2686 2760 2758 2827 et
2797 2752 3156 2835 Athenaeo
3195 2748 3717 2836 Daventriensi,

675 2880 759 2946 ιιι
830 2872 1069 2960 vobis,
1138 2872 1264 2970 qui
1324 2897 1437 2948 me
1502 2873 1577 2947 in
1640 2871 2168 2949 candidatorum
2224 2896 2599 2947 numerum
2658 2870 3048 2971 recepistis,
3107 2876 3192 2945 ut
3237 2868 3722 2973 honestissimo

680 2992 1149 3070 decurionum
1179 2992 1439 3082 ordini,
1490 2992 1613 3094 qui
1658 3016 1771 3068 me
1816 3000 1988 3068 natu
2042 2992 2415 3068 minimum
2462 3015 2623 3093 prae
2675 2992 2791 3067 illo
2847 3014 3134 3066 numero
3177 2987 3620 3064 renuntiavit.

678 3113 929 3203 Qua
976 3112 1049 3186 in
1100 3137 1173 3187 re
1214 3113 1471 3188 mirum
1509 3113 1848 3213 quantum
1892 3112 2255 3211 profecisse
2296 3137 2411 3187 me
2455 3113 2876 3200 arbitrabor,
2920 3111 3050 3186 tibi
3087 3111 3146 3186 si
3187 3108 3521 3210 probatus
3565 3133 3720 3197 ero,
3761 3115 3782 3136 ”

680 3231 807 3328 qui
850 3231 1315 3307 illustrissimo
1352 3233 1640 3332 collegio
1680 3257 1953 3332 praees,
1996 3232 2422 3331 amplissime
2463 3232 2658 3306 Cos‘r
2696 3232 3054 3306 Joannus.
3117 3229 3467 3329 Equidem
3506 3227 3720 3327 probe

680 3349 903 3426 sentio
922 3409 943 3438 ,
1014 3374 1155 3425 non
1226 3351 1437 3426 huius
1490 3341 1622 3427 loci
1688 3375 1917 3451 neque
1977 3376 2067 3426 ex
2118 3375 2274 3426 mea
2331 3373 2624 3450 persona
2681 3376 2866 3438 esse,
2925 3359 3006 3424 ut
3053 3357 3208 3425 tuas
3258 3347 3501 3423 laudes
3546 3346 3720 3420 celc-

680 3469 911 3558 brem,
978 3493 1237 3569 easque
1283 3470 1673 3570 praedicare
1734 3471 2099 3571 aggrediar
2154 3470 2371 3547 animi
2421 3470 2620 3545 dotes
2641 3527 2661 3558 ,
2717 3465 2976 3569 quibus
3034 3468 3393 3570 splendes,
3443 3471 3723 3566 propter
3835 3543 3860 3554 ,

683 3612 858 3686 quas
928 3598 1001 3664 te
1070 3615 1387 3666 amamus
1406 3648 1427 3679 ,
1496 3591 1919 3690 quicumque
1988 3590 2436 3690 cognovimus
2457 3647 2478 3678 ,
2545 3596 2616 3665 et
2679 3590 2753 3664 in
2825 3587 3082 3687 quibus
3147 3593 3312 3682 sunt
3331 3642 3352 3674 ,
3421 3607 3718 3685 quarum

684 3709 949 3783 mentio
994 3709 1245 3784 sufficit
1290 3717 1376 3810 ut
1430 3710 1520 3785 ab
1568 3708 2005 3784 incommodo
2053 3708 2474 3792 retineamur
2527 3707 2906 3784 conamine.
3004 3707 3100 3782 Et
3141 3705 3316 3780 forte
3357 3703 3722 3803 superbius

556 3891 573 3908 .
684 3851 959 3926 agerem
1028 3853 1255 3927 neque
1324 3853 1548 3904 essem
1614 3828 1942 3907 ferendus
1962 3887 1985 3918 ,
2053 3830 2115 3904 si
2177 3828 2444 3904 advena
2507 3827 2775 3904 civibus
2836 3827 3018 3908 tuisx
3039 3831 3450 3925 exponerem
3470 3881 3491 3912 ,
3543 3848 3722 3922 quae

684 3948 1001 4023 nondum
1046 3948 1184 4024 nisi
1233 3973 1319 4024 ex
1366 3957 1600 4050 parte,
1657 3957 1731 4024 et
1772 3948 1862 4026 ab
1910 3948 2081 4049 ipsis
2122 3947 2264 4024 fere
2307 3947 2620 4083 cognovi.
2717 3948 2824 4022 Ea
2871 3969 3030 4021 vero
3078 3943 3304 4018 dicere
3346 3941 3720 4041 unicuique

684 4065 845 4140 licet
903 4073 977 4140 et
1036 4090 1167 4166 ego
1226 4067 1320 4144 ad
1378 4067 1456 4142 id
1511 4067 1741 4155 valeo,
1806 4093 1986 4166 quae
2038 4075 2111 4142 et
2156 4068 2373 4142 cuivis
2423 4068 2786 4142 innotuere
2842 4073 2914 4141 et
2953 4062 3276 4140 omnibus
3325 4062 3525 4136 bonis
3563 4086 3720 4161 pro-

684 4183 963 4259 bantur.
1065 4187 1237 4261 Ideo
1278 4186 1494 4286 igitur
1541 4187 1675 4261 tibi
1720 4211 1884 4287 prae
1926 4185 2169 4262 ceteris
2212 4185 2584 4285 probatum
2627 4209 2736 4260 me
2775 4184 2967 4272 volo,
3005 4182 3334 4282 quoniam
3373 4207 3413 4256 a
3445 4189 3516 4255 te
3548 4203 3720 4315 prae
3871 4249 3886 4274 ,

688 4303 933 4380 ceteris
1008 4304 1345 4381 iudicium
1414 4312 1807 4440 exspectare
1878 4305 2037 4382 licet
2102 4313 2208 4380 tot
2276 4303 2677 4380 nominibus
2737 4310 3168 4390 accuratum,
3239 4300 3441 4400 quale
3501 4300 3616 4372 vix
3677 4324 3720 4374 a

688 4449 1045 4559 quoquam
1092 4425 1249 4501 alio.
1348 4425 1537 4500 Dum
1582 4425 1771 4500 enim
1812 4425 2109 4512 reticeo,
2158 4448 2337 4524 quae
2381 4423 2534 4523 ipse
2580 4422 2878 4504 attulisti
2923 4423 3015 4498 ad
3058 4419 3426 4497 stationem
3469 4442 3608 4517 qua
3647 4425 3719 4492 te

689 4543 1105 4644 suspicimus
1119 4603 1139 4632 ,
1197 4557 1281 4619 ea·
1337 4566 1871 4630 commemorare
1930 4543 2199 4632 licebit,
2244 4564 2718 4642 'quaecunque
2773 4542 2865 4617 ad
2913 4549 2985 4616 te
3033 4540 3326 4616 attulere
3385 4537 3676 4613 honores
3695 4595 3716 4624 ,
3819 4631 3834 4646 .

690 4662 951 4762 quibus
1010 4663 1386 4763 insignitus
1454 4687 1529 4736 es
1548 4720 1569 4751 ,
1640 4669 1712 4736 et
1767 4661 2001 4738 studia
2048 4661 2262 4752 vitae,
2324 4671 2670 4760 quatenus
2726 4660 2898 4759 ipsis
2943 4660 3080 4736 illis
3130 4656 3507 4734 honoribus
3559 4680 3716 4755 pro-

692 4781 1001 4858 duntur..
1078 4783 1187 4858 Tu
1245 4782 1461 4883 igitur
1518 4791 1601 4858 ut
1658 4780 2269 4884 iurisprudentiam
2326 4799 2546 4882 eaque
2611 4780 2842 4858 studia
2902 4779 3119 4881 probe
3179 4777 3364 4856 nosti
3380 4835 3401 4869 ,
3457 4773 3718 4877 quibus
