4766 6034
1199 574 1333 659 288
1569 581 1576 586 ·
2393 569 2464 635 E.
2532 567 2591 635 s.
2659 565 3031 646 ΚιΕιιι,

1200 775 1601 856 habeamus.
1723 775 1975 851 Veram
2043 776 2403 875 hucusque
2466 773 2801 850 sermonis
2879 772 3171 850 alicuius
3237 767 3764 869 intelligentiam
3830 793 3969 844 non
4028 770 4203 848 facile

1196 898 1618 974 obtinebunt
1680 896 1816 971 nisi
1877 894 2322 995 paucissimi,
2385 902 2510 971 aut
2577 894 2997 970 obtinebunt
3056 916 3181 992 per
3247 889 3481 966 studia
3546 912 3941 964 sermonum
3996 889 4206 966 Intini

1187 1015 1583 1114 ‘Graecique
1601 1073 1622 1104 ,
1671 1036 2050 1111 eorumque
2097 1010 2330 1086 indole
2366 1010 2580 1110 probe
2626 1017 3015 1110 perspecta»

1293 1136 1430 1208 Ast
1499 1133 1688 1208 hunc
1751 1131 1886 1207 sibi
1951 1131 2258 1207 laborem
2321 1131 2715 1264 imponere,
2781 1129 2874 1205 ad
2942 1130 3129 1205 hunc
3196 1129 3411 1204 finem
3476 1135 3833 1227 penetrare
3873 1125 4042 1208 item
4078 1111 4223 1202 non'

1195 1260 1524 1352 poterunt
1573 1250 1709 1326 nisi
1768 1275 1978 1351 parvo
2029 1273 2350 1339 numero,
2415 1249 2558 1325 iam
2616 1249 2793 1324 mihi
2840 1248 3257 1324 obiectum'
3236 1249 3323 1322 iri
3383 1247 3598 1348 probe
3656 1247 3989 1346 intelligo.
4084 1248 4205 1322 Sed

1197 1373 1440 1472 loquor
1491 1371 1578 1446 de
1632 1371 1802 1469 ipsis
1859 1370 1970 1444 his
2023 1369 2284 1486 paucis,
2383 1369 2526 1443 Eos
2570 1367 2756 1458 dico,
2810 1392 2987 1467 quos
3036 1367 3181 1442 sive
3220 1366 3607 1443 honestiore
3651 1366 3802 1444 loco
3845 1375 4043 1442 natos
4082 1366 4205 1440 sive

1194 1515 1320 1590 per
1379 1489 1546 1566 felix
1591 1489 1951 1589 ingenium
2003 1513 2090 1563 ex
2140 1487 2580 1565 inferioribus
2626 1493 3059 1586 emergentes
3111 1484 3271 1562 ideo
3315 1487 3459 1562 iam
3506 1486 3982 1575 instituimus,
4032 1493 4109 1560 ιιι
4148 1493 4208 1559 et

1196 1611 1409 1686 vitam
1477 1609 1748 1684 silentio
1809 1633 1898 1684 ne
1956 1609 2387 1707 transigant,
2437 1606 2650 1683 veluti
2700 1630 2984 1707 pecora,
3034 1612 3107 1700 et
3162 1605 3335 1682 tales
3390 1607 3604 1695 fiant,
3653 1605 3913 1704 quibus
3966 1604 4209 1704 possint

1192 1754 1302 1804 res
1345 1729 1639 1804 alicuius
1683 1730 2014 1804 momenti
2063 1728 2278 1829 probe
2322 1727 2632 1826 permitti
2649 1785 2669 1817 ,
2720 1726 2978 1827 quibus
3024 1725 3244 1827 possit
3265 1783 3288 1814 ,
3336 1725 3399 1800 si
3444 1724 3755 1824 singulas
3808 1731 3993 1800 artes
4042 1749 4209 1822 spec-

1191 1855 1424 1923 temus
1443 1906 1464 1937 ,
1508 1849 1648 1924 iam
1692 1849 1781 1923 de
1826 1845 2034 1947 'aegro
2075 1847 2280 1925 morti
2321 1847 2676 1948 eripiendo
2693 1904 2714 1937 ,
2760 1847 2867 1924 vel
2903 1847 2991 1922 de
3036 1844 3448 1946 repellendis
3485 1843 3879 1944 potentium
3924 1842 4178 1918 iniuriis
4191 1903 4210 1932 ,

1194 1975 1277 2040 ut
1332 1957 1562 2042 cetera
1618 1966 1725 2043 vel
1781 1966 2186 2067 gravissima
2243 1973 2507 2042 taceam
2528 2025 2549 2056 ,
2609 1966 2947 2042 iudicium
3010 1990 3183 2041 esse.
3284 1965 3371 2039 In
3430 1963 3689 2063 quibus
3750 1964 3925 2039 item
3990 1971 4209 2051 erunt,

1198 2085 1322 2184 qui
1363 2094 1666 2170 nostram
1714 2085 1954 2161 fallent
1998 2087 2611 2184 exspectationem,
2656 2087 2779 2162 sed
2821 2095 3172 2162 annuente
3212 2085 3365 2159 Deo
3402 2085 3689 2184 Optimo
3730 2083 4051 2188 Maximo
4092 2109 4213 2158 non

1197 2204 1509 2278 omnium
1553 2207 1832 2304 ingenia
1869 2207 2382 2282 obdormiscent
2426 2231 2651 2304 neque
2690 2205 3055 2306 peribunt,
3097 2229 3227 2280 nec
3274 2228 3549 2278 summa
3590 2228 3721 2278 nos
3765 2227 4005 2278 rerum
4051 2203 4216 2277 deci·

1196 2323 1359 2422 piet.
1459 2325 1614 2398 Hos
1661 2325 1877 2424 igitur
1927 2327 2094 2402 satis
2143 2350 2488 2425 superque
2532 2327 2641 2401 vel
2687 2326 2785 2402 sic
2828 2324 3087 2401 multos
3107 2382 3128 2414 ,
3194 2323 3629 2399 iuventutem
3678 2346 3843 2398 mox
3892 2321 4213 2398 academi-

1195 2465 1347 2516 cam
1408 2440 1719 2542 intelligo
1739 2501 1760 2531 ,
1824 2443 2364 2519 cultissimorum
2425 2469 2614 2520 nunc
2674 2444 2935 2544 prolem
2954 2501 2975 2531 ,
3048 2467 3257 2542 quam
3326 2443 3595 2518 utinam
3648 2467 3814 2516 mox
3880 2442 4220 2517 videamus

1195 2560 1421 2634 multo
1465 2561 1676 2635 etiam
1717 2562 2099 2637 cultiorem.
2172 2561 2379 2638 Hanc
2420 2563 2637 2663 igitur
2676 2570 3020 2663 quatenus
3060 2585 3199 2636 non
3244 2561 3647 2660 quotidiana
3684 2561 3889 2636 unice
3934 2561 4221 2647 curabit,

1198 2687 1268 2752 et
1329 2679 1663 2778 cogitabit
1735 2681 1945 2755 etiam
2014 2681 2328 2780 digniora
2396 2707 2608 2782 quam
2662 2691 2741 2758 ut
2790 2683 3117 2782 pecunias
3176 2681 3353 2776 sibi,
3404 2689 3475 2756 et
3528 2688 3815 2755 extema
3880 2679 4223 2755 commoda

1197 2806 1432 2896 paret,
1501 2823 1618 2873 eos
1685 2823 1924 2874 omnes
1989 2824 2172 2898 quos
2235 2803 2695 2902 cognoscendi
2758 2801 3009 2901 aliquis
3072 2800 3315 2889 ardor,
3381 2807 3453 2876 et
3516 2799 3667 2875 sitis
3730 2823 3947 2898 quam
4002 2799 4223 2874 dicunt

1200 2911 1548 2992 doctrinae
1610 2926 1911 3007 exercet,
1979 2920 2104 2994 hos
2156 2923 2345 3010 volo,
2396 2947 2513 2997 eos
2570 2922 2723 2996 dico
2772 2921 2923 2996 nisi
2960 2943 3084 3020 per
3128 2919 3394 2994 litteras
3454 2942 3593 2992 non
3643 2943 3888 3019 posse,
3936 2917 4076 2992 nisi
4116 2941 4223 3017 per

1198 3038 1460 3112 litteras
1520 3038 1842 3137 antiquas
1909 3064 2063 3115 vere
2125 3064 2264 3115 non
2329 3030 2537 3141 posse'
2572 3041 2757 3117 hanc
2812 3040 3163 3127 obtinere,
3238 3039 3385 3114 sine
3436 3034 3575 3136 qua
3627 3037 3873 3173 sordet
3912 3037 4057 3115 vita
4106 3038 4219 3111 hu·

1199 3182 1406 3232 mana
1451 3166 1522 3231 et
1569 3159 1895 3257 languet,
1942 3183 2176 3235 rerum
2221 3159 2771 3259 intelligentiam.

1297 3278 1452 3350 Iam
1507 3286 1743 3351 autem
1803 3277 1934 3351 hae
1981 3278 2246 3353 litterae
2293 3280 2643 3379 quomodo
2702 3288 2868 3355 sunt
2917 3278 3280 3366 colendae,
3326 3284 3409 3351 ut
3456 3276 3765 3353 sincerus
3810 3278 3973 3353 inde
4030 3276 4225 3353 animi
4260 3326 4265 3340 ·

1202 3396 1430 3469 cultus
1448 3454 1469 3483 ,
1519 3406 1590 3469 et
1632 3396 1940 3473 doctrina
1985 3421 2126 3471 non
2174 3397 2441 3473 inutilis
2490 3399 2801 3475 oriatur?
2912 3398 3156 3474 Eritne
3206 3395 3699 3471 desudandum
3756 3396 3831 3487 in
3878 3394 4223 3471 vocabulo-

1203 3538 1360 3587 rum
1439 3516 1708 3590 dudum
1779 3525 2211 3591 mortuorum
2283 3516 2557 3605 formis,
2632 3524 2702 3590 et
2768 3540 2941 3591 num
3010 3515 3141 3591 hoc
3218 3513 3459 3613 generi
3529 3514 3837 3589 humano
3906 3513 4225 3613 proderit,

1207 3634 1640 3707 Maccmsne
1697 3635 2038 3710 PnAu‘rus
2102 3635 2437 3711 dicendus
2504 3635 2631 3724 sit,
2714 3659 2804 3711 an
2870 3636 2973 3711 M.
3034 3636 3351 3721 Acc1us,
3408 3640 3481 3707 et
3530 3632 3831 3707 fueritne
3888 3633 4225 3707 Mamas

1209 3776 1460 3827 nomen
1509 3754 1728 3842 illius,
1776 3777 1864 3827 an
1909 3754 2290 3843 Mnm'rus,
2340 3754 2464 3854 qui
2508 3742 2903 3831 Socasrnn
2954 3752 3349 3829 accusavit?
3446 3752 3560 3827 Ita
3604 3752 3793 3827 enim
3836 3751 3977 3827 iam
4022 3751 4226 3827 solent

1214 3871 1454 3946 acerbe
1498 3872 1883 3947 ratiocinari
1928 3883 1998 3947 et
2043 3872 2413 3961 invidiose,
2449 3873 2649 3948 obliti
2690 3873 2831 3948 fere
2876 3873 3051 3947 nulli
3090 3871 3377 3950 omnino
3422 3871 3827 3969 disciplinae
3860 3894 3998 3945 non
4040 3894 4227 3969 posse

1213 3990 1524 4065 eiusdem
1570 3992 1844 4090 generis
1891 3992 2262 4067 minutiora
2303 3992 2551 4109 obiici,
2596 4002 2668 4066 et
2710 4014 2867 4067 non
2900 3993 3031 4069 hoc
3074 4014 3202 4067 nos
3254 3990 3715 4079 contendere,
3764 3990 3891 4065 sed
3932 3989 4041 4077 id,
4084 4012 4225 4086 pro-

1217 4109 1414 4184 desse
1451 4109 2011 4199 humanioribus,
2055 4117 2138 4187 ut
2178 4112 2574 4189 Soanrm
2610 4112 2719 4187 Ρι
2720 4135 3057 4189 Auruuve
3094 4117 3533 4211 cognoscant.
3581 4103 3859 4208 Nempe
3894 4108 4005 4182 his
4032 4106 4225 4181 etism

1215 4237 1322 4303 est
1369 4228 1619 4304 modus
1668 4230 1742 4303 in
1791 4230 2040 4320 rebus,
2089 4237 2161 4306 et
2203 4231 2372 4307 certi
2416 4232 2629 4321 fines,
2687 4257 2862 4332 quos
2916 4232 3097 4309 ultro
3141 4230 3395 4306 citrove
3440 4236 3710 4303 rectum
3751 4251 3893 4301 non
3942 4224 4225 4301 invenie·

1217 4357 1348 4422 tur.
1448 4348 1863 4425 Accuratam
1925 4349 2244 4427 volumus
2288 4351 2672 4428 doctrinam
2686 4409 2710 4442 ,
2756 4376 2985 4451 neque
3026 4350 3146 4426 illa
3191 4354 3425 4449 potest
3469 4346 3843 4422 minutiora
3888 4343 4189 4420 omittere
4203 4399 4226 4427 ,

1220 4466 1342 4540 sed
1401 4490 1540 4542 non
1595 4466 1751 4541 ideo
1809 4466 1900 4567 ad
1964 4470 2479 4572 μικρολογίαν
2522 4470 2930 4572 recidamus.
3030 4471 3195 4548 Qua
3238 4468 3327 4543 de
3366 4492 3440 4541 re
3490 4466 3856 4543 arbitrium
3905 4489 4049 4541 esse
4098 4484 4227 4536 non

1217 4585 1467 4681 poterit
1505 4583 1641 4659 nisi
1683 4584 2112 4685 singulorum
2158 4589 2233 4665 in
2279 4590 2572 4691 singulis
2612 4571 3097 4690 argumentis,¹
3130 4597 3205 4664 et
3257 4586 3739 4687 unusquisque
3794 4610 3921 4686 pro
3964 4581 4231 4683 ingenio

1220 4712 1344 4777 suo
1380 4702 1590 4803 eliget
1625 4728 1803 4803 quae
1844 4705 1979 4783 sibi
2015 4708 2409 4808 placebunt.
2510 4710 2599 4787 Id
2634 4707 3118 4787 tantummodo
3156 4706 3369 4807 probe
3408 4712 3769 4807 teneamus
3782 4760 3809 4795 ,
3848 4699 4016 4777 nihil
4044 4722 4227 4797 pror·
