4766 6034
1772 653 2330 728 enarro.
3173 669 3234 694 ··
3447 625 3636 727 lffi‘

544 893 587 944 a
668 864 1087 942 doctissimis
1162 863 1734 966 peritissimisque
1810 865 1974 942 viris
2041 863 2184 942 iam
2259 865 2335 941 in
2404 866 2538 942 hac
2615 863 2832 940 classe
2909 863 3298 964 propositae
3363 872 3574 965 atque

540 993 877 1068 tractatae
924 987 1086 1064 sint.

642 1105 997 1206 Superiori
1053 1129 1237 1182 anno
1290 1105 1547 1183 Rector
1595 1106 2019 1206 Magnificus
2058 1106 2169 1182 tui
2220 1106 2644 1182 mentionem
2694 1104 2860 1180 fecit
2876 1162 2898 1196 ‚
2961 1105 3247 1207 Collega
3286 1105 3573 1182 coniun-

541 1225 853 1332 ctissime
920 1224 1320 1301 Hor-suna
1388 1249 1487 1300 ms
1550 1227 1851 1302 Gnoorl
1902 1249 2125 1326 quum
2173 1232 2588 1301 memoraret
2629 1249 2705 1300 se
2755 1231 2828 1300 te
2873 1225 3125 1302 adiisse
3179 1234 3260 1300 ut
3302 1225 3436 1302 tibi
3485 1226 3576 1301 de

546 1346 660 1422 die
736 1353 933 1423 sexto
1002 1346 1263 1422 mensis
1332 1346 1577 1423 Martii
1636 1346 2135 1446 gratularetur,
2199 1345 2459 1446 quippe
2525 1368 2666 1445 quo
2697 1347 2702 1352 ’
2733 1345 3036 1446 suscepti
3099 1353 3260 1422 ante
3327 1345 3576 1446 viginti

542 1465 861 1565 quinque
926 1489 1147 1542 annos
1204 1453 1541 1544 muneris.
1578 1463 1968 1564 professorii
2032 1464 2436 1540 memoriam
2497 1464 2896 1545 celebrares.
2996 1462 3109 1540 Tu
3166 1463 3315 1541 dies
3359 1465 3574 1542 festos

543 1585 750 1686 agere
803 1583 983 1660 soles
1038 1592 1165 1680 tuo
1225 1608 1418 1661 more
1441 1644 1464 1676 ,
1532 1586 1635 1661 mi
1688 1585 1967 1660 Grion!
2032 1585 2337 1685 primum
2385 1584 2578 1660 domi
2621 1609 2785 1661 cum
2837 1583 2980 1660 tuis
3004 1643 3025 1674 ,
3071 1584 3164 1660 ad
3204 1608 3380 1685 quos
3422 1609 3576 1684 per-

543 1705 805 1780 multos
840 1703 1092 1780 referre
1131 1712 1329 1804 potes
1347 1763 1370 1795 ,
1420 1729 1695 1796 summa
1728 1709 1811 1780 ιιι
1848 1704 2111 1779 Christi
2146 1703 2566 1805 discipulum
2596 1703 2806 1794 *decet
2839 1703 3096 1805 pietate
3137 1710 3348 1804 atque
3377 1703 3580 1780 hilari

546 1825 759 1900 simul
820 1824 1055 1902 animo
1112 1825 1238 1926 qui
1292 1811 1411 1901 ore
1457 1831 1529 1901 et
1568 1825 1770 1900 vultu
1808 1834 2051 1924 sponte
2102 1847 2253 1899 sese
2293 1823 2562 1924 prodit:
2628 1831 2875 1924 postea
2915 1823 3191 1928 publice
3231 1849 3372 1900 non
3424 1831 3576 1900 tan-

542 1951 701 2020 tum
752 1967 917 2020 cum
956 1943 1366 2021 absentibus
1410 1944 1650 2022 amicis
1694 1952 1907 2044 atque
1948 1941 2305 2043 discipulis
2324 2001 2345 2032 ,
2394 1957 2643 2022 verum
2684 1944 2897 2020 etiam
2945 1967 3110 2020 cum
3148 1942 3236 2020 iis
3277 1969 3577 2044 quorum
3675 1929 3700 1954 ³

542 2064 830 2140 nomina
868 2063 1002 2138 tibi
1046 2065 1399 2164 incognita
1444 2071 1611 2140 sunt
1655 2070 1869 2162 atque
1910 2085 2243 2139 numerus
2290 2061 2608 2138 infinitus
2653 2072 2763 2139 est
2776 2121 2796 2153 ,
2845 2063 3177 2164 quoniam
3223 2087 3352 2141 nec
3398 2065 3578 2140 Aca-

544 2182 935 2259 demiarum
979 2207 1109 2260 nec
1153 2185 1419 2284 patriae
1473 2207 1703 2283 neque
1751 2183 1997 2258 aetatis
2039 2207 2183 2282 qua
2202 2173 2209 2178 ’
2226 2181 2524 2258 vivimus
2567 2183 2792 2282 spatio
2833 2182 3297 2260 continentur.
3365 2185 3582 2263 Quod

543 2303 657 2378 his
698 2303 873 2403 ipsis
925 2303 1175 2380 diebus
1214 2327 1456 2381 rursus
1498 2303 1819 2404 apparuit
1862 2327 1951 2378 ex
1992 2309 2119 2379 tuo
2154 2301 2247 2378 ad
2283 2300 2612 2403 pristinos
2657 2309 2730 2378 et
2771 2310 3169 2402 praesentes
3206 2303 3582 2403 discipulos
3719 2343 3727 2352 ·

544 2421 870 2523 alloquio.
970 2425 1221 2523 Itaque
1278 2447 1409 2524 ego
1450 2423 1583 2498 tibi
1626 2423 1835 2498 hodie
1882 2423 1971 2498 de
2017 2423 2149 2498 hoc
2195 2446 2401 2522 opere
2449 2420 2640 2497 edito
2689 2421 2997 2522 gratulor
3013 2480 3034 2512 ,
3085 2421 3346 2523 quippe
3391 2425 3585 2522 quod

545 2567 708 2618 cum
752 2543 1125 2643 superioris
1166 2544 1335 2620 anni
1378 2543 1557 2620 festo
1601 2542 1883 2644 penitus
1920 2542 2369 2618 coniunctum
2409 2541 2502 2616 sit
2539 2541 2828 2640 eiusque
2867 2540 3085 2616 veluti
3119 2531 3581 2642 complemen-

548 2669 707 2759 tum
756 2661 896 2738 dici
941 2663 1195 2763 possit,
1257 2664 1497 2743 addito
1539 2688 1629 2740 ex
1672 2663 1921 2740 intimo
1967 2669 2241 2763 pectore
2285 2668 2482 2737 voto·
2551 2660 2758 2736 Faxit
2795 2661 2993 2736 Deus
3033 2667 3115 2736 ut
3148 2685 3273 2761 per
3325 2663 3582 2740 multos

551 2783 763 2858 etiam
833 2807 1052 2858 annos
1120 2790 1366 2894 vegeta
1424 2789 1675 2859 mente
1716 2789 1793 2857 et
1852 2805 2019 2902 sano
2086 2803 2367 2939 corpore
2429 2778 2711 2870 domui,
2775 2780 3228 2872 Academiae,
3276 2781 3582 2881 patriae,

542 2901 870 2977 ecclesiae
925 2901 1187 2977 Christi
1240 2903 1565 2978 serveris!

648 3024 1221 3123 Per-opportunus
1281 3024 1609 3101 orationis
1673 3048 1867 3102 meae
1918 3051 1962 3101 a
2006 3028 2301 3102 Geor-10
2345 3028 2636 3125 eiusque
2679 3023 2911 3099 labore
2955 3024 3286 3101 transitus
3326 3022 3418 3100 ad
3465 3049 3584 3098 vos

548 3148 659 3216 est
675 3198 699 3231 ,
772 3143 1071 3219 Iuvenes
1138 3142 1604 3234 dilectissimi,
1672 3144 2091 3221 Academiae
2149 3151 2422 3221 nostrae
2463 3145 2681 3221 civesl
2760 3144 2902 3219 Hic
2959 3143 3148 3219 enim
3165 3202 3188 3233 ,
3243 3166 3586 3242 quaenam

551 3282 716 3335 vera
781 3258 877 3333 sit
932 3260 1392 3337 Academicae
1444 3261 1905 3339 institutionis
1959 3271 2210 3340 natura
2230 3319 2251 3353 ,
2316 3287 2662 3362 quaenam
2709 3261 2873 3338 inde
2922 3286 3046 3363 per
3093 3268 3317 3337 totam
3351 3260 3586 3339 ‚vitam

551 3385 1030 3479 praeceptores
1080 3380 1263 3455 inter
1326 3404 1704 3482 eorumque
1745 3382 2121 3484 discipulos
2164 3392 2411 3483 sponte
2452 3382 2615 3458 oriri
2653 3384 2920 3458 soleant
2965 3380 3307 3457 amicitiae
3352 3404 3586 3455 neces-

554 3498 897 3574 situdines
912 3557 934 3590 ,
1000 3499 1102 3576 ita
1169 3501 1525 3601 perspexit
1586 3510 1670 3579 ut
1731 3526 1937 3579 nemo
1981 3502 2207 3603 magis
2224 3561 2245 3591 ,
2313 3510 2526 3601 atque
2567 3502 2644 3577 in
2692 3503 2822 3577 hoc
2874 3488 3087 3600 quem
3131 3501 3341 3576 modo
3381 3500 3590 3587 'attuli

551 3618 733 3708 libro
800 3618 900 3694 ita
959 3620 1334 3720 expressit,
1404 3629 1483 3696 ut
1537 3621 1651 3698 hic
1712 3622 1990 3723 egregie
2059 3624 2495 3724 comparatus
2545 3621 2638 3697 sit
2681 3622 2773 3697 ad
2826 3619 3048 3721 pulcri
3069 3678 3090 3708 ,
3138 3620 3282 3694 veri
3299 3676 3320 3709 ,
3371 3610 3591 3695 sancti

552 3761 843 3813 sensum
890 3747 1363 3839 mutuumque
1405 3739 1588 3815 inter
1638 3740 2007 3842 magistros
2064 3752 2279 3841 atque
2329 3741 2636 3817 iuniores
2688 3765 2930 3819 eorum
2982 3740 3238 3816 amicos
3286 3762 3592 3815 amorem

557 3857 1005 3933 excitandum
1026 3916 1047 3948 ,
1096 3860 1423 3935 alendum
1444 3918 1467 3951 ,
1515 3862 1843 3937 excolend
1852 3885 1969 3947 um
1990 3919 2011 3952 ‚
2061 3861 2582 3961 perficiendum.
2683 3860 2967 3940 Quibus
3003 3858 3308 3959 profecto
3342 3844 3593 3935 studiis

524 3974 621 4051 'si
692 3976 832 4052 vita
888 3978 1309 4055 Academica
1365 3980 1713 4056 animetur
1732 4038 1753 4069 ,
1804 3967 1997 4079 'quid
2060 3980 2345 4057 tandem
2413 3980 2697 4056 suavius
2763 3978 3258 4078 praeclariusve
3321 3977 3590 4075 totique

557 4096 824 4171 civitati
888 4104 1101 4197 atque
1159 4100 1579 4177 humanitati
1644 4088 2065 4175 fructuosius
2122 4100 2412 4199 cogitari
2472 4098 2752 4199 potest?
2817 4096 3030 4197 Agite
3081 4096 3332 4195 igitur,
3381 4096 3586 4171 caris-

558 4214 722 4291 simi
786 4215 1290 4293 adolescentes!
1362 4220 1627 4320 regiam
1688 4218 1867 4295 hanc
1932 4218 2225 4294 docendi
2297 4218 2746 4316 discendique
2821 4218 3003 4291 viam
3045 4240 3454 4315 -sequamur
3516 4224 3590 4289 et

556 4338 1094 4434 persequamur!
1160 4338 1427 4439 Magna
1465 4339 1911 4415 observantia
1937 4346 2011 4415 et
2047 4339 2458 4415 verecundia
2496 4337 2627 4413 hoc
2667 4361 2849 4413 anno
2885 4336 3250 4435 magistros
3281 4334 3592 4409 coluistis

560 4453 1155 4555 magistratusque
1193 4457 1336 4533 mei
1371 4482 1551 4534 onus
1592 4458 1766 4535 adeo
1808 4458 1956 4534 leve
1999 4459 2399 4534 reddidistis
2442 4464 2524 4532 ut
2573 4456 2702 4532 hoc
2748 4456 3026 4531 nomine
3071 4480 3163 4530 ne
3206 4478 3389 4531 onus
3433 4455 3588 4554 qui-

560 4572 749 4648 dem·
789 4572 1001 4649 fuerit
1062 4576 1187 4651 sed
1255 4576 1757 4655 iucundissima
1819 4577 2053 4678 potius
2114 4578 2379 4653 occasio
2436 4576 2677 4676 plures
2732 4558 3034 4674 optimae
3095 4575 3244 4675 spei
3303 4574 3590 4651 iuvenes

562 4692 1029 4792 cognoscendi
1043 4752 1065 4784 ,
1107 4694 1233 4794 qui
1261 4696 1704 4796 caeteroquin
1743 4696 1917 4772 mihi
1954 4697 2243 4774 fortasse
2283 4696 2508 4797 ignoti
2545 4694 2980 4773 mansissent.
3035 4694 3215 4770 Vere
3253 4694 3592 4771 affirmare

564 4834 854 4909 possum
875 4867 897 4901 ‚
953 4836 1198 4912 pacem
1256 4812 1747 4893 Academicam
1803 4822 1887 4891 ut
1940 4814 2139 4893 decet
2189 4839 2313 4916 per
2358 4821 2592 4893 totum
2640 4816 2771 4895 hoc
2819 4822 3098 4917 tempus
3146 4814 3338 4892 nullo
3389 4814 3596 4891 horae
3613 4791 3634 4812 ⁹

1470 4967 1475 4971 ·
2913 4964 2968 4987 α·
3013 4936 3126 5007 24
