4766 6034
1866 608 2425 679 ORATIO.
3555 615 3640 683 63

700 814 973 895 Veteris
1017 811 1445 891 Testamenti
1486 814 1855 913 repetitam
1891 816 2255 893 lectionem
2306 816 2409 893 illi
2431 874 2453 907 ,
2503 815 2628 916 qui
2673 840 2904 895 coram
2946 819 3206 919 populo
3249 819 3641 897 Christiano

604 937 813 1015 verba
848 935 1055 1013 saciet
1073 991 1095 1024 ,
1148 957 1287 1008 uno
1334 957 1451 1008 ore
1486 935 2101 1035 commendarunt,
2152 944 2498 1036 quotquot
2536 938 2848 1013 Oratoris
2897 939 3088 1015 Sacri
3131 940 3642 1017 institutionem

602 1056 1043 1156 scripserunt.
1162 1052 1503 1129 Eamdem
1576 1052 1711 1129 illis
1784 1078 2065 1153 quoque
2126 1053 2569 1131 utilissimam
2639 1054 2786 1131 sore
2803 1113 2827 1145 ,
2897 1055 3022 1153 qui
3089 1058 3388 1155 pastoris
3443 1084 3511 1157 q.
3569 1058 3638 1135 d.

602 1199 865 1253 munus
900 1175 977 1249 in
1013 1170 1323 1249 Ecclesia
1362 1171 1627 1246 obeunt
1642 1229 1664 1261 ,
1702 1196 1945 1247 omnes
1980 1180 2407 1272 agnoscunt,
2449 1172 2574 1270 qui
2613 1172 3049 1275 frequentem
3087 1176 3272 1252 inter
3303 1186 3643 1253 nostrates

604 1295 939 1373 librorum
999 1292 1089 1368 V.
1129 1290 1458 1369 Foederis
1521 1314 1732 1367 usum
1792 1302 1867 1365 et
1925 1290 2371 1367 commodum
2413 1289 2580 1365 inde
2620 1292 3078 1391 repetendum
3119 1305 3642 1394 perspexerunt.

602 1417 709 1493 Eo
767 1420 1004 1491 autem
1071 1412 1355 1489 consilio
1416 1411 1743 1485 manibus
1784 1410 2071 1486 terenda
2126 1419 2233 1486 est
2300 1410 2518 1486 versio
2566 1436 2806 1487 eorum
2860 1411 3192 1489 librorum
3243 1414 3639 1490 vernacula:

588 1534 795 1634 ,quod
838 1530 1153 1631 quamvis
1202 1531 1373 1605 utile
1426 1537 1499 1604 et
1538 1530 1697 1607 ideo
1740 1531 2069 1606 omnibus
2110 1530 2740 1607 commendandum
2761 1588 2783 1618 ,
2830 1530 2920 1606 ab
2967 1554 3048 1605 eo
3087 1532 3278 1629 quod
3317 1534 3646 1633 proposui

603 1652 1040 1752 antiquitatis
1082 1650 1471 1727 Hebraicae
1518 1650 1751 1725 studio
1772 1709 1793 1741 ,
1840 1650 2279 1749 aliquantum
2328 1650 2564 1754 distat.
2663 1650 2828 1727 Non
2869 1649 3165 1725 diffiteor
3182 1709 3204 1739 ‚
3251 1652 3408 1727 AA.
3426 1710 3446 1741 ‚
3495 1653 3646 1727 fieri

604 1773 886 1851 omnino
949 1795 1151 1872 posse
1170 1828 1191 1860 ,
1258 1776 1339 1845 ut
1409 1770 1743 1847 nonnulla
1757 1827 1778 1859 ,
1842 1794 2025 1868 quae
2086 1770 2402 1845 homines
2458 1768 2836 1845 Christiani
2878 1794 2922 1843 a
2968 1771 3207 1868 pueris
3251 1770 3416 1848 inde
3453 1770 3645 1847 fuere
3733 1850 3736 1853 ,

606 1893 871 1983 edocti,
936 1915 1254 1992 quaeque
1312 1889 1451 1965 illis
1508 1912 1664 1967 cara
1704 1890 1887 1969 facta
1930 1898 2131 1979 sunt,
2179 1914 2302 1989 per
2348 1890 2666 1967 studium
2711 1896 3028 1965 nostrum
3051 1948 3074 1979 ,
3123 1889 3184 1968 si
3230 1914 3394 1967 cum
3439 1892 3646 1992 vulgo

604 2013 1198 2100 communicatur,
1264 2034 1396 2099 sna
1436 2016 1679 2108 sponte
1724 2017 2069 2085 corruant.
2166 2008 2317 2083 Illis
2369 2007 2697 2106 quidem,
2746 2009 2872 2106 qui
2915 2008 3046 2085 hoe
3089 2017 3452 2108 tamquam
3499 2036 3645 2088 ma-

604 2133 831 2209 lorum
892 2140 1281 2207 extremum
1338 2128 1575 2229 lugere
1640 2136 1712 2207 et
1768 2128 2137 2207 liberaliori
2180 2127 2566 2227 theologiae
2607 2127 2976 2227 praecipue
3022 2129 3188 2205 vitio
3243 2138 3500 2207 vertere
3539 2156 3646 2206 so·

604 2252 749 2329 lent
767 2310 789 2342 ,
839 2275 985 2327 uno
1032 2250 1239 2325 verbo
1278 2248 1691 2348 respondere
1735 2247 2038 2348 possimz
2090 2247 2265 2323 nihil
2310 2248 2388 2323 in
2425 2247 2734 2325 Ecclesia
2782 2247 3182 2327 Christiana
3234 2252 3452 2351 pluris
3497 2276 3648 2327 esse

600 2372 1001 2449 faciendum
1078 2394 1291 2469 quam
1360 2367 1718 2445 veritatem
1738 2425 1760 2458 ‚
1827 2368 1943 2443 cui
2014 2375 2087 2443 et
2136 2368 2568 2444 consuetudo
2621 2375 2694 2443 et
2746 2368 3127 2467 antiquitas
3176 2377 3250 2446 et
3290 2371 3648 2447 hominum

603 2500 1135 2592 temporumque
1206 2488 1545 2565 successio
1608 2496 1681 2565 et
1752 2488 2039 2565 concilia
2098 2494 2174 2564 et
2236 2488 2514 2564 decreta
2583 2487 2818 2564 omnia
2883 2489 3135 2565 cedant
3187 2514 3462 2566 necesse
3519 2500 3645 2567 est.

601 2612 885 2689 Addere
936 2608 1197 2709 possim
1216 2666 1239 2697 ‚
1296 2607 1469 2683 mihi
1512 2608 1761 2685 saltem
1802 2632 1941 2685 non
1989 2608 2267 2709 probari
2308 2632 2550 2683 eorum
2589 2606 3050 2689 temeritatem
3070 2667 3091 2699 ,
3141 2611 3264 2709 qui
3306 2612 3652 2711 quidquid

604 2730 739 2807 sibi
809 2730 1175 2809 videantur
1241 2726 1586 2803 invenisse
1648 2728 1847 2817 novi,
1918 2728 2331 2826 quantocius
2396 2752 2562 2804 oum
2632 2726 2837 2827 plebe
2901 2732 3452 2807 communicent:
3520 2733 3651 2811 hoc

603 2850 793 2926 enim
860 2876 907 2925 a
968 2846 1343 2949 prudentia
1361 2905 1381 2936 ‚
1448 2872 1629 2946 quae
1686 2847 1912 2923 virum
1982 2847 2266 2923 doctum
2318 2847 2603 2936 deceat,
2661 2846 3160 2927 alienissimum
3183 2911 3204 2941 ,
3253 2860 3324 2928 et
3365 2854 3654 2953 periculi

602 2976 959 3073 praeterea
992 2969 1283 3070 plenum
1334 2991 1525 3058 esse;
1578 2990 1819 3044 verum
1860 2966 1935 3042 in
1986 2990 2071 3042 eo
2124 2966 2651 3043 subsistendum
2695 2992 2846 3043 esse
2889 2994 3030 3046 non
3077 2970 3419 3048 existimo.
3487 2974 3649 3048 Stu-

606 3091 807 3166 dium
872 3089 1130 3188 quippe
1144 3145 1167 3178 ,
1238 3088 1327 3163 de
1388 3112 1529 3187 quo
1588 3087 1793 3164 unice
1843 3087 1974 3164 hoc
2039 3087 2418 3186 praedicari
2467 3096 2702 3186 posset
2719 3145 2764 3176 „
2796 3088 2984 3164 illud
3006 3148 3028 3178 ‚
3095 3093 3476 3189 prudenter
3521 3093 3648 3168 sei-

608 3209 773 3286 licet
828 3209 1177 3283 excultum
1197 3266 1220 3297 ,
1285 3231 1427 3280 non
1484 3231 1730 3282 nocere
1748 3264 1769 3296 ,
1845 3206 2020 3282 mihi
2092 3207 2335 3282 saltem
2402 3230 2654 3306 parum
2717 3207 3334 3314 commendationis
3393 3211 3648 3287 habere

610 3329 977 3404 videretur.
1073 3329 1429 3403 Nostrum
1484 3334 1719 3402 autem
1775 3324 1879 3402 illi
1942 3325 2151 3402 etiam
2170 3381 2191 3414 ,
2258 3325 2383 3424 qui
2447 3325 2742 3402 doctoris
2803 3329 3154 3426 popularis
3226 3330 3648 3430 provinciam

610 3447 975 3548 suscipiet,
1024 3469 1305 3546 prorsus
1340 3445 1805 3522 necessarium
1846 3469 1997 3522 esse
2012 3503 2032 3534 ‚
2081 3444 2377 3541 ideoque
2416 3442 2754 3545 theologo·
2775 3445 3078 3544 practico
3123 3448 3426 3523 maxime
3461 3473 3646 3526 com·
3773 3503 3782 3510 -

608 3566 1087 3644 mandandum
1106 3625 1128 3655 ‚
1176 3576 1456 3667 propter
1497 3566 1667 3644 haec
1710 3563 2077 3664 praecipue
2124 3571 2536 3663 argumenta
2581 3571 2835 3644 statuo.

704 3685 1179 3764 Revelationis
1222 3694 1295 3762 et
1340 3686 1865 3786 theopneustiae
1907 3683 2223 3760 notiones
2262 3707 2404 3760 non
2439 3709 2484 3760 a
2519 3683 2765 3783 priori,
2815 3699 2898 3760 ut
2939 3685 3176 3776 aiunt,
3223 3689 3648 3766 constituen-

611 3806 735 3882 das
798 3806 927 3882 sed
979 3831 1065 3884 ex
1116 3813 1433 3882 accurato
1482 3813 1553 3880 et
1602 3804 1839 3883 critico
1882 3803 2193 3902 ipsorum
2242 3802 2546 3884 fontium
2591 3805 2826 3880 studio
2881 3807 3218 3882 eruendas
3265 3833 3414 3882 esse
3427 3867 3449 3897 ,
3505 3809 3648 3884 iam

612 3933 814 4001 antea
881 3925 1207 4002 vidimus.
1306 3925 1519 4004 Quod
1574 3948 1663 4000 ne
1732 3923 1891 4022 quis
1956 3923 2083 4000 uni
2148 3922 2541 4021 dogmatico
2608 3923 2770 3999 usui
2841 3949 2992 4000 esse
3049 3926 3455 4002 arbitretur:
3522 3929 3648 4027 qui

612 4047 797 4122 enim
872 4047 944 4120 S.
996 4045 1423 4144 Scripturam
1442 4102 1461 4132 ,
1528 4043 1801 4122 Veteris
1871 4067 2150 4142 quoque
2210 4041 2538 4118 Foederis
2558 4101 2577 4131 ,
2645 4043 2734 4118 de
2789 4069 2930 4142 qua
2986 4044 3104 4120 hic
3156 4046 3361 4120 nobis
3421 4071 3644 4122 sermo

614 4174 753 4252 est,
802 4165 985 4240 vitae
1032 4187 1345 4240 normam
1398 4171 1785 4262 sequuntur
1836 4161 2256 4250 Christiani,
2305 4185 2346 4235 e
2395 4161 2584 4236 falsis
2637 4188 2812 4262 quas
2862 4163 3048 4240 hisce
3104 4166 3193 4239 de
3230 4165 3440 4239 rebus
3479 4190 3640 4240 con-

612 4285 920 4383 ceperint
985 4284 1343 4382 opiniones
1361 4341 1381 4372 ,
1448 4283 1741 4381 quodvis
1792 4281 1991 4358 facile
2049 4281 2546 4357 detrimentum
2607 4283 2901 4381 capient.
3003 4283 3242 4356 Solent
3293 4283 3478 4360 enim
3527 4283 3602 4358 hi
3617 4342 3638 4374 ,

614 4403 785 4482 dum
855 4403 1209 4482 hominem
1268 4403 1826 4501 praetermittunt
1844 4460 1866 4492 ,
1934 4401 2011 4478 in
2062 4387 2480 4478 revelatione·
2531 4403 2741 4477 unius
2789 4402 2942 4477 -Dei
2987 4402 3322 4501 respicere
3364 4411 3634 4502 partesz

614 4524 803 4600 unde
862 4525 979 4612 fit,
1044 4531 1125 4598 ut
1145 4575 1169 4614 ‚
1231 4522 1504 4600 etiamsi
1554 4531 1739 4600 recte
1806 4529 2163 4610 statuant,
2220 4545 2361 4598 non
2425 4545 2632 4596 omne
2681 4546 2914 4598 rerum
2965 4546 3188 4622 genus
3225 4521 3363 4597 'sed
3406 4547 3638 4598 veram

614 4643 815 4720 unice
874 4641 1277 4741 religionem
1342 4641 1625 4718 revelari
1643 4701 1666 4732 ,
1731 4641 2279 4743 progressionem
2340 4641 2774 4716 revelationis
2837 4642 2932 4717 ad
2999 4642 3328 4718 maiorem
3379 4642 3634 4717 sensim

613 4761 1099 4861 perfectionem
1117 4818 1140 4851 ,
1213 4785 1393 4860 quae
1464 4760 1568 4840 rei
1634 4762 1906 4839 divinae
1970 4785 2217 4861 parum
2278 4785 2654 4862 congruere
2718 4761 3033 4840 videatur
3046 4821 3067 4853 ,
3143 4787 3424 4862 prorsus
3495 4785 3632 4838 non
