4766 6034
1888 622 2445 692 ORATIO.
3555 623 3682 690 149

639 829 880 903 fratres
946 828 1406 929 amplectitur.
1507 832 1791 911 Quanta
1847 835 2160 909 omnium
2220 832 2481 910 laetitia
2535 839 2605 906 et
2663 829 3033 906 exsultatio
3051 888 3070 917 ‚
3142 851 3363 929 quum
3413 830 3680 929 plateae

642 948 1073 1024 tricoloribus
1135 951 1303 1025 velis
1361 961 1635 1051 opertae
1654 1012 1675 1042 ,
1747 954 1859 1028 Io!
1932 955 2227 1029 clamore
2270 958 2632 1042 resonent,
2683 959 2754 1026 et
2796 957 3134 1026 nocturna
3173 949 3442 1025 lumina
3487 957 3681 1025 tene·

638 1069 796 1146 bras
844 1069 1092 1170 fugent
1142 1096 1556 1171 omnemque
1614 1073 1980 1174 caliginem
2031 1074 2420 1173 dispellant.

732 1192 781 1264 J
784 1215 897 1266 am
956 1193 1111 1266 Rex
1174 1193 1371 1268 adest
1438 1195 1875 1295 inspecturus
1919 1196 2280 1270 florentem
2324 1201 2634 1270 nostram
2682 1192 2924 1268 urbem
2946 1251 2966 1282 ‚
3016 1192 3456 1293 inspecturus
3498 1193 3677 1268 Aca-

642 1311 938 1386 demiam
956 1371 977 1401 ,
1027 1313 1490 1412 omnibusque
1538 1316 1805 1390 civibus
1855 1316 1966 1390 sui
2008 1315 2461 1392 conveniendi
2507 1315 2778 1415 copiam
2818 1312 3146 1388 facturae.

736 1432 1020 1507 Mutata
1077 1433 1269 1508 urbis
1329 1435 1571 1510 facies:
1623 1436 1889 1535 plateae
1938 1437 2011 1510 in
2060 1436 2380 1512 viridaria
2422 1459 2822 1523 conversae;
2873 1433 3359 1532 Nympharum
3411 1433 3676 1508 habita-

640 1549 899 1625 tionem
962 1559 1031 1626 te
1096 1553 1327 1628 videre
1398 1553 1743 1644 crederes,
1811 1555 2110 1630 arcubus
2181 1564 2252 1632 et
2315 1556 2604 1658 picturis
2667 1561 2978 1632 ornatam
2995 1613 3016 1643 ,
3087 1553 3283 1628 sertis
3299 1613 3320 1642 ‚
3371 1554 3637 1630 coronis
3657 1615 3676 1644 ,

642 1669 867 1744 linteis
940 1673 1251 1772 undique
1328 1674 1644 1750 cinctam.
1742 1676 1952 1752 Festa
2008 1685 2081 1751 et
2150 1677 2330 1752 laeta
2401 1676 2672 1764 omnia,
2747 1675 2982 1750 hilaris
3043 1674 3357 1748 omnium
3403 1675 3677 1753 vultus,

641 1813 823 1864 unus
866 1792 1177 1868 omnium
1224 1819 1467 1870 sensus
1490 1855 1510 1884 ,
1563 1821 1703 1870 una
1758 1796 2107 1873 voluntas:
2160 1820 2354 1874 amor
2403 1823 2568 1898 erga
2613 1799 2886 1896 Regem
2937 1801 3008 1869 et
3052 1794 3377 1870 Patriam.

736 1912 1041 1988 Felicem
1078 1913 1237 2013 jure
1288 1916 1763 2014 praedicemus
1806 1915 2152 1992 civitatem
2174 1976 2194 2006 ,
2245 1941 2424 2016 quae
2471 1917 2566 1992 sic
2608 1914 2914 2014 Principi
2955 1938 3082 1988 suo
3125 1913 3674 2013 congratulatum
3798 1951 3808 1960 ·

640 2030 909 2107 felicem
966 2034 1305 2131 populum
1323 2093 1344 2122 ,
1404 2035 1535 2132 ‚qui
1554 2093 1574 2125 ‚
1642 2042 2112 2128 anteactarum
2172 2060 2405 2111 rerum
2461 2060 2726 2112 memor
2743 2095 2763 2124 ‚
2831 2034 3166 2108 beneficia
3204 2059 3249 2109 a
3302 2032 3679 2134 majoribus

640 2157 919 2250 accepta
978 2153 1189 2228 etiam
1238 2154 1311 2228 in
1365 2154 1660 2252 posteris
1704 2153 1868 2230 colit
1916 2163 1991 2230 et
2034 2181 2338 2232 amorem
2393 2157 2743 2253 fidemque
2760 2214 2781 2244 ,
2831 2153 3090 2254 quibus
3153 2152 3367 2228 semel
3428 2153 3675 2229 adstri-

644 2276 795 2343 ctus
844 2278 991 2358 est,
1040 2279 1434 2346 constanter
1483 2279 1727 2350 servat.

731 2389 1139 2465 Proximum
1201 2403 1360 2490 post
1426 2392 1643 2491 Regis
1704 2393 2081 2468 adventum
2138 2394 2287 2470 dies
2340 2394 2590 2468 Almae
2630 2393 2846 2468 Matri
2893 2399 3040 2468 erat
3088 2393 3376 2467 dicatus,
3480 2392 3632 2467 Rex
3653 2451 3672 2480 ‚
3725 2479 3732 2486 .

638 2510 931 2608 peractis
991 2511 1291 2610 negotiis
1333 2511 1632 2611 publicis
1651 2571 1671 2601 ,
1723 2513 1979 2612 quibus
2026 2514 2227 2590 horas
2271 2513 2650 2590 matutinas
2696 2511 3007 2610 quotidie
3061 2511 3396 2613 impertiri
3435 2511 3676 2586 solitus

636 2638 739 2704 est
758 2688 779 2718 ,
844 2629 919 2704 in
980 2655 1314 2730 magnum
1366 2630 1816 2708 Auditorium
1872 2659 1945 2709 se
1988 2634 2321 2724 contulit,
2372 2634 2496 2710 ubi
2541 2617 2956 2710 Academica
2999 2632 3330 2732 juventus
3371 2639 3674 2731 praesto-

634 2749 909 2824 labatur
926 2808 947 2837 ,
996 2751 1407 2850 Aug'ustum
1455 2752 1847 2852 Principem
1895 2755 2295 2830 salutatura.

727 2867 982 2944 Videre
1054 2871 1283 2946 adhuc
1349 2873 1551 2948 nobis
1618 2873 1932 2950 videmur
1992 2877 2240 2975 Ipsum
2312 2874 2424 2950 hic
2491 2881 2786 2950 stantem
2809 2933 2828 2964 ,
2904 2875 3410 2950 circumdatum
3472 2880 3676 2948 coetu

633 2987 1037 3065 intimorum
1106 2990 1547 3069 familiarium
1568 3052 1589 3083 ,
1652 2995 2187 3095 magistratuum
2252 2994 2638 3095 provinciae
2689 3002 2760 3069 et
2812 2992 3044 3081 urbis,
3091 2993 3509 3069 Academiae
3554 3019 3673 3070 cu·

633 3116 977 3199 ratorum;
1046 3110 1136 3187 ab
1194 3112 1325 3189 hoc
1376 3114 1588 3189 latere
1653 3112 2103 3213 professores3
2170 3112 2284 3188 hic
2336 3113 2464 3187 viri
2511 3110 2862 3200 honorati;
2911 3110 3054 3185 illic
3095 3111 3426 3211 juventus
3444 3168 3466 3199 ,
3517 3136 3672 3211 spes

632 3230 891 3327 patriae
914 3289 935 3319 ,
998 3256 1191 3307 amor
1232 3240 1600 3333 parentum
1620 3292 1640 3323 ‚
1688 3232 1936 3307 Almae
1983 3232 2233 3307 Matris
2287 3256 2491 3321 cura3
2543 3256 2752 3331 supra
2792 3240 3042 3306 corona
3086 3240 3558 3305 matronarum
3603 3238 3673 3305 et

634 3348 982 3447 virginum
1002 3410 1023 3440 ,
1072 3352 1329 3451 gaudio
1376 3360 1613 3428 nostro
1662 3352 1995 3426 interesse
2044 3350 2493 3449 cupientium.

729 3469 797 3543 Ο
845 3468 1011 3544 felix
1050 3478 1122 3545 et
1165 3496 1529 3571 nunquam
1574 3470 2037 3547 obliviscenda
2076 3470 2277 3560 hora,
2327 3495 2550 3569 quum
2600 3470 2870 3568 Regem
2923 3468 3434 3569 adspiceremus
3481 3476 3666 3545 stan-

636 3596 777 3663 tem
838 3589 1253 3665 exadversus
1312 3592 1553 3667 florem
1590 3590 1974 3691 juventutis
1993 3648 2014 3679 ,
2061 3590 2454 3690 Principem
2472 3649 2494 3680 ,
2543 3588 2766 3690 patrio
2805 3590 2880 3665 in
2932 3589 3182 3665 liberos
3229 3589 3460 3665 animo
3479 3648 3500 3679 ‚
3549 3614 3666 3665 ex·

634 3707 962 3784 adversus
1008 3718 1377 3810 parentum
1425 3712 1703 3787 delicias
1717 3768 1738 3800 ,
1791 3734 1985 3809 spem
2030 3712 2292 3809 patriae
2314 3768 2335 3799 ‚
2385 3718 2692 3786 nostram
2740 3734 2998 3785 curam.

732 3830 1003 3907 Quidni
1068 3831 1393 3929 equidem
1454 3830 1704 3920 fatear,
1777 3829 2191 3906 Auditoresl
2258 3856 2372 3907 me
2438 3837 2594 3907 tum
2657 3854 2740 3905 eo
2814 3830 2961 3906 loco
3018 3854 3162 3929 pro.
3205 3830 3401 3905 vobis
3464 3828 3670 3906 verba

634 3948 999 4023 facientem
1062 3950 1161 4024 ita
1220 3949 1435 4024 fuisse
1481 3956 1906 4026 commotum
1958 3956 2168 4049 atque
2215 3950 2610 4049 perculsum
2631 4008 2652 4039 ,
2701 3956 2784 4023 ut
2833 3949 2946 4024 vix
2984 3973 3258 4047 possem
3299 3957 3486 4024 recto
3531 3949 3670 4025 talo
3745 3946 3762 3967 ⁶

634 4066 1023 4144 consistere.
1126 4067 1623 4145 Commovebat
1696 4092 1811 4144 me
1880 4069 2137 4145 seilicet
2204 4077 2276 4143 et
2321 4093 2652 4167 personae
2691 4068 3014 4168 majestas
3059 4075 3130 4143 et
3167 4069 3372 4143 officii
3421 4068 3665 4147 solem-

632 4186 817 4261 nitas
885 4194 957 4261 et
1024 4202 1181 4263 vero
1237 4189 1453 4263 animi
1516 4186 1903 4265 sollicitudo
1918 4247 1938 4276 ‚
1996 4213 2087 4262 ne
2138 4188 2466 4287 imposito
2513 4188 2686 4263 mihi
2736 4187 3010 4271 muneri
3053 4211 3192 4263 non
3238 4188 3338 4263 ita
3397 4188 3662 4263 satisfa-

635 4332 857 4383 cerem
878 4366 899 4396 ,
948 4314 1032 4382 ut
1074 4308 1175 4384 rei
1222 4308 1525 4409 dignitas
1570 4306 1987 4407 postulabat.
2122 4394 2131 4403 ‚

732 4426 1014 4502 Atrium
1084 4427 1516 4503 auditoribus
1588 4426 1917 4503 refertum
1936 4484 1957 4515 ‚
2040 4425 2260 4501 altum
2326 4422 2678 4498 silentium
2699 4481 2719 4513 ‚
2790 4422 3058 4498 intenta
3117 4421 3429 4511 omnium
3501 4446 3622 4497 ora
3639 4484 3658 4512 ‚

634 4546 737 4621 ita
804 4554 887 4620 ut
944 4546 1095 4645 ipse
1164 4548 1381 4647 Regis
1450 4548 1683 4622 vultus
1747 4546 2029 4623 tacitam
2098 4544 2313 4619 animi
2353 4542 2906 4619 commotionem
2977 4541 3316 4641 proderet.
3429 4542 3660 4619 Pauca

634 4664 891 4739 oratori
958 4665 1165 4741 verba
1183 4724 1204 4755 ,
1276 4667 1401 4741 sed
1473 4665 1767 4743 candido
1831 4690 1870 4740 e
1936 4672 2209 4765 pectore
2278 4663 2467 4738 edita
2485 4720 2506 4752 ,
2575 4660 3005 4737 sufficiebant
3058 4660 3150 4737 ad
3211 4659 3423 4737 fidem
3442 4721 3463 4752 ,
3521 4687 3662 4761 qua

634 4783 873 4861 cuncti
892 4840 913 4875 ,
988 4810 1185 4861 senes
1251 4793 1322 4862 et
1392 4764 1679 4885 jurenes
1693 4843 1714 4878 ,
1797 4783 1979 4884 Regi
2047 4810 2121 4861 se
2182 4782 2545 4859 adstrictos
2618 4781 3044 4875 sentiebant,
3114 4781 3652 4871 testificandam;
