4766 6034
1829 627 2382 694 ORATIO.
3502 623 3628 692 173

604 855 784 930 quae
842 854 1006 929 prae
1054 854 1162 906 cac
1177 829 1338 905 teris
1383 827 1828 929 philosophae
1883 832 2318 932 appellantur
2363 829 2661 908 cultores
2704 830 3048 930 optimum
3104 831 3194 906 ab
3246 856 3329 908 ea
3368 830 3630 906 ratione

605 951 1005 1053 exemplum
1064 949 1198 1024 sibi
1261 973 1533 1024 sumere
1595 950 1874 1026 debent.
1976 953 2118 1028 Sed
2183 959 2264 1027 ut
2321 952 2413 1027 ad
2466 944 2866 1050 scriptorem
2918 953 3009 1026 ad
3058 975 3270 1050 quem
3319 951 3629 1052 proxime

525 1124 530 1128 -
604 1069 1124 1169 provocavimus
1168 1067 1532 1144 redeamus
1551 1128 1571 1157 ‚
1619 1070 2198 1170 iurisprudentiae
2240 1096 2501 1147 munus
2542 1071 2616 1146 in
2657 1095 2740 1145 eo
2786 1071 2984 1169 ponit
3027 1078 3109 1146 ut
3129 1129 3149 1158 ‚
3202 1077 3469 1169 praeter
3499 1069 3633 1144 alia

607 1188 832 1264 multa
900 1212 1080 1286 quae
1140 1188 1484 1286 suscipere
1540 1187 1616 1262 in
1662 1212 1736 1262 se
1783 1197 1995 1288 atque
2037 1191 2360 1289 perficere
2408 1189 2693 1277 debeat,
2758 1189 2831 1264 in
2882 1215 3041 1264 vera
3090 1190 3259 1264 iuris
3298 1189 3635 1289 principia

609 1306 951 1406 inquirat,
1017 1330 1237 1405 eaque
1296 1306 1618 1382 scientiae
1663 1305 1877 1384 veluti
1920 1309 2280 1384 maiestate
2325 1315 2523 1409 septa
2564 1319 2637 1383 et
2680 1310 2951 1384 munita
2984 1316 3263 1384 tueatur
3306 1309 3633 1384 adversus

610 1428 984 1502 instantem
1023 1434 1235 1526 atque
1285 1427 1726 1528 ingruentem
1769 1451 2248 1528 aggressorum
2301 1429 2441 1504 vim
2465 1487 2484 1516 ‚
2536 1429 2662 1527 qui
2706 1430 2879 1504 dum
2922 1454 3004 1504 ea
3047 1430 3272 1504 delere
3316 1455 3403 1503 ex
3441 1428 3634 1526 inge-

613 1548 746 1622 niis
814 1546 1175 1623 hominum
1237 1554 1448 1644 atque
1513 1547 1856 1623 institutis
1927 1549 2340 1649 populorum
2396 1549 2719 1638 student,
2789 1549 2925 1649 ipsi
2975 1575 3253 1649 quoque
3307 1557 3639 1647 perpetuo

613 1668 706 1742 ad
770 1667 1126 1741 scientiam
1190 1675 1580 1764 provocant.
1680 1669 1875 1743 Num
1932 1669 2244 1767 quaestio
2263 1726 2284 1756 ,
2350 1693 2693 1769 quaenam
2741 1670 2831 1743 sit
2874 1676 3122 1743 natura
3159 1669 3595 1767 proprietatis
3618 1726 3638 1754 ,

613 1787 1081 1862 Paounnono
1151 1786 1354 1862 unice
1419 1786 1870 1885 disceptanda
1937 1797 2010 1862 et
2071 1789 2459 1864 dirimenda
2518 1788 2994 1886 relinquetur?
3080 1789 3269 1887 Ergo
3339 1788 3428 1862 (16
3494 1787 3643 1862 61116

617 1905 941 2006 opinione
1005 1905 1440 2004 philosophia
1506 1906 1794 1982 minime
1853 1917 2209 2009 tamquam
2275 1908 2495 1983 hostis
2543 1908 2756 1982 arceri
2779 1965 2799 1995 ,
2858 1914 3096 1982 contra
3136 1908 3443 1982 studium
3498 1907 3649 1982 eius

597 2024 823 2124 'unice
896 2025 1364 2100 commendari
1421 2033 1631 2125 atque
1685 2027 2013 2102 celebrari
2057 2036 2360 2102 meretur
2376 2087 2397 2116 ‚
2445 2027 2704 2126 quippe
2748 2051 2927 2125 quae
2982 2027 3195 2102 veluti
3242 2027 3515 2102 animus
3562 2028 3652 2101 sit

618 2143 1080 2242 omniumque
1141 2146 1395 2220 artium
1460 2153 1534 2219 et
1597 2146 2066 2222 doctrinarum
2129 2148 2270 2223 vita
2321 2147 2648 2222 dicenda:
2720 2146 3105 2244 optandum
3152 2154 3386 2221 autem
3420 2169 3657 2245 ‚quam

620 2263 923 2338 maxime
977 2272 1060 2338 ut
1107 2264 1370 2339 meliori
1428 2264 1536 2339 via
1583 2290 1664 2340 ac
1710 2266 1972 2340 ratione
2021 2266 2144 2339 sed
2186 2266 2336 2364 pari
2378 2265 2815 2365 ingeniorum
2858 2265 3207 2340 alacritate
3254 2275 3326 2339 et
3372 2275 3653 2340 conten·

623 2383 810 2457 tione
850 2382 942 2458 ad
969 2381 1584 2481 iurisprudentiam
1613 2383 2016 2458 traducatur
2033 2441 2051 2469 ,
2094 2381 2272 2480 quae
2297 2381 2578 2456 ΚΑΜ-11
2597 2442 2616 2471 ,
2644 2384 2971 2470 F1cn'r11,
3006 2384 3655 2480 Faunanaounque

623 2508 921 2578 aetatem
971 2501 1418 2602 distinguunt
1465 2511 1536 2577 et
1583 2510 1849 2579 notant.

725 2625 928 2699 Quae
979 2645 1202 2719 quum
1253 2621 1354 2695 ita
1387 2622 1540 2696 'sint
1560 2677 1580 2708 ,
1651 2645 2011 2720 quumque
2081 2624 2169 2696 (16
2227 2624 2491 2698 meliori
2542 2623 2712 2696 iuris
2767 2623 3270 2722 philosophiam
3320 2603 3659 2696 tractandi

630 2741 839 2816 modo
911 2741 1350 2815 vehementer
1420 2739 1648 2815 adhuc
1717 2741 2108 2841 discrepent
2165 2767 2404 2817 eorum
2462 2743 2635 2817 adeo
2694 2753 3053 2817 auctorum
3108 2743 3487 2817 sententiae
3539 2742 3664 2840 qui

627 2885 863 2934 revera
934 2859 1028 2933 ad
1089 2883 1240 2934 eam
1323 2858 1766 2934 excolendam
1824 2860 2014 2936 haud
2070 2887 2318 2960 parum
2373 2861 2873 2936 contribuerint
2887 2919 2906 2948 ‚
2976 2861 3301 2958 equidem
3348 2885 3575 2959 neque
3624 2887 3667 2934 a

633 3003 922 3055 munere
971 2979 1162 3077 quod
1203 3003 1403 3078 gero,
1452 3003 1682 3077 neque
1724 3005 1768 3055 a
1813 2980 2260 3079 magistratus
2305 3005 2448 3079 quo
2488 2979 2661 3055 abeo
2704 2980 3045 3079 dignitate
3086 2981 3389 3055 alienum
3432 2980 3664 3080 existi-

633 3101 820 3175 mavi
837 3158 898 3188 „
933 3101 1024 3174 si·
1057 3100 1322 3175 solenni
1383 3100 1512 3174 hac
1580 3101 2096 3200 opportunitate
2139 3125 2397 3201 paucas
2447 3100 2519 3173 in
2566 3100 2875 3174 medium
2933 3100 3306 3199 proferrem
3356 3099 3664 3176 animad-

636 3222 984 3297 versiones
1043 3228 1189 3295 tam
1251 3220 1340 3293 de
1389 3220 1476 3294 iis
1523 3244 1704 3318 quae
1743 3220 1818 3295 in
1875 3220 2237 3319 disciplina
2281 3243 2472 3295 nunc
2505 3244 2717 3319 prope
2764 3220 3048 3295 dimissa
3094 3221 3339 3294 merito
3396 3220 3663 3293 deside-

637 3340 971 3416 rabantur
991 3400 1011 3429 ‚
1079 3364 1290 3439 quam
1357 3340 1446 3415 (16
1511 3339 1868 3439 principiis
1930 3364 2108 3437 quae
2171 3340 2264 3415 ad
2327 3364 2483 3414 eam
2546 3339 2815 3413 firmius
2876 3340 3433 3415 constituendam
3497 3338 3671 3413 mihi

643 3460 890 3535 saltem
951 3459 1218 3559 aliquid
1275 3459 1580 3534 conferre
1641 3483 1842 3559 posse
1900 3459 2314 3535 viderentur.
2414 3460 2663 3557 ltaque
2734 3484 2847 3534 me
2904 3462 2989 3533 de
3052 3461 3453 3557 dism'plinae
3497 3485 3672 3558 quae

639 3583 716 3653 in
751 3582 928 3654 iuria
968 3587 1220 3653 natura
1256 3580 1659 3677 eaplicanda
1695 3587 2027 3666 versatur,
2069 3582 2212 3653 eive
2253 3581 2340 3653 de
2377 3579 2553 3653 imis
2584 3581 2937 3654 doctrinae
2963 3580 3477 3677 philosophicae
3518 3604 3670 3657 am-

505 3762 522 3789 ,
643 3702 788 3797 bitu
831 3708 1040 3798 atque
1074 3701 1427 3798 ¹qram‘tate
1479 3698 1826 3773 dicentem
1885 3723 1968 3773 ea
2017 3698 2449 3773 humanitate
2495 3698 2791 3775 audiatis
2837 3724 3048 3797 quam
3096 3695 3358 3773 nemini
3408 3722 3494 3771 ex
3544 3696 3673 3769 hoc

649 3828 995 3917 suggestu
1047 3816 1255 3892 verba
1303 3816 1582 3893 facienti
1624 3839 1938 3891 recusare
1983 3815 2235 3891 soletis.

749 4085 786 4124 n
798 4056 1076 4131 Natura
1115 4036 1287 4131 iuris
1338 4056 1746 4155 explicanda
1786 4056 1989 4131 nobis
2030 4063 2174 4143 est,
2219 4080 2441 4155 eaque
2478 4054 2567 4131 ab
2614 4054 2913 4130 hominis
2942 4062 3190 4132 natura
3205 4112 3213 4118 ,
3229 4055 3673 4154 repetenda.”

649 4174 810 4248 Hoc
875 4175 1280 4251 Cicnaoms
1351 4174 1638 4250 effatum
1701 4200 1744 4250 a
1802 4174 2152 4251 nonnullis
2196 4174 2665 4274 improbatum
2709 4181 2818 4248 est
2836 4232 2857 4262 ,
2920 4175 3367 4251 monentibus
3419 4173 3677 4273 quippe

651 4303 866 4393 atque
936 4294 1110 4369 adeo
1176 4294 1704 4395 indignantibus
1768 4295 2120 4370 hominem
2187 4293 2288 4369 ita
2351 4293 2675 4392 depresso
2734 4292 2887 4367 Deo
2944 4293 3017 4366 in
3090 4293 3358 4368 coelum
3420 4293 3673 4368 extolli.

653 4413 1002 4512 Equidem
1066 4414 1145 4488 id
1207 4414 1508 4513 minime·
1543 4414 1836 4514 impium
1875 4439 2120 4490 censeo
2138 4472 2159 4503 ‚
2224 4412 2433 4489 modo
2483 4437 2641 4488 vera
2698 4412 2886 4487 vocis
2934 4419 3221 4487 naturae
3272 4412 3679 4515 significatio

655 4534 1131 4633 perspiciatur.
1203 4534 1487 4633 Duplici
1525 4533 1711 4608 enim
1751 4558 1960 4609 sensu
1998 4558 2151 4609 66111
2189 4533 2565 4632 accipimus
2581 4591 2602 4622 ‚
2642 4539 2797 4606 tum
2837 4556 2961 4631 pro
2986 4535 3360 4631 principiis
3407 4556 3585 4631 quae
3639 4557 3680 4606 a

657 4652 1044 4727 Cremona
1102 4656 1450 4727 naturalia
1505 4652 1865 4743 dicuntur,
1929 4662 2084 4728 tum
2137 4677 2264 4753 pro
2309 4652 2430 4727 illo
2488 4652 2679 4751 quod
2738 4650 2831 4727 ad
2884 4650 3200 4727 ultimam
3260 4651 3369 4727 sui
3414 4652 3685 4753 generis

661 4772 957 4849 formam
1007 4772 1444 4871 speciemque
1491 4773 1820 4870 pervenit.
1917 4772 2171 4847 Differt
2187 4830 2210 4863 ,
2281 4780 2362 4845 ut
2414 4773 2733 4848 'Paomis
2778 4771 3159 4847 Maersrm
3205 4771 3411 4849 verba
3462 4772 3684 4871 expri-
