<?xml version="1.0" encoding="UTF-8"?>
<!DOCTYPE html PUBLIC "-//W3C//DTD XHTML 1.0 Transitional//EN"
    "http://www.w3.org/TR/xhtml1/DTD/xhtml1-transitional.dtd">
<html xmlns="http://www.w3.org/1999/xhtml" xml:lang="en" lang="en">
 <head>
  <title>
</title>
<meta http-equiv="Content-Type" content="text/html;charset=utf-8" />
  <meta name='ocr-system' content='tesseract 3.04.00' />
  <meta name='ocr-capabilities' content='ocr_page ocr_carea ocr_par ocr_line ocrx_word'/>
</head>
<body>
  <div class='ocr_page' id='page_1' title='image "annalesacademic02confgoog_0590.png"; bbox 0 0 4766 6034; ppageno 0'>
   <div class='ocr_carea' id='block_1_1' title="bbox 1106 560 2941 671">
    <p class='ocr_par' dir='ltr' id='par_1_1' title="bbox 1106 560 2941 671">
     <span class='ocr_line' id='line_1_1' title="bbox 1106 560 2941 671; baseline -0.001 -12"><span class='ocrx_word' id='word_1_1' title='bbox 1106 592 1237 661; x_wconf 83' lang='lat'><strong>298</strong></span> <span class='ocrx_word' id='word_1_2' title='bbox 2302 592 2372 657; x_wconf 80' lang='lat' dir='ltr'><strong>E.</strong></span> <span class='ocrx_word' id='word_1_3' title='bbox 2442 592 2498 659; x_wconf 82' lang='lat' dir='ltr'><strong>J.</strong></span> <span class='ocrx_word' id='word_1_4' title='bbox 2569 560 2941 671; x_wconf 66' lang='lat' dir='ltr'><strong>uiant,</strong></span> 
     </span>
    </p>
   </div>
   <div class='ocr_carea' id='block_1_2' title="bbox 1089 780 4184 4377">
    <p class='ocr_par' dir='ltr' id='par_1_2' title="bbox 1089 780 4184 4377">
     <span class='ocr_line' id='line_1_2' title="bbox 1106 780 4148 900; baseline 0 -23"><span class='ocrx_word' id='word_1_5' title='bbox 1106 803 1331 878; x_wconf 90' lang='lat' dir='ltr'><strong>multo</strong></span> <span class='ocrx_word' id='word_1_6' title='bbox 1396 825 1608 900; x_wconf 89' lang='lat' dir='ltr'><strong>quam</strong></span> <span class='ocrx_word' id='word_1_7' title='bbox 1678 822 1869 879; x_wconf 88' lang='lat' dir='ltr'><strong>nunc</strong></span> <span class='ocrx_word' id='word_1_8' title='bbox 1932 798 2389 898; x_wconf 87' lang='lat' dir='ltr'><strong>angustioris,</strong></span> <span class='ocrx_word' id='word_1_9' title='bbox 2454 798 2644 876; x_wconf 88' lang='lat' dir='ltr'><strong>letali</strong></span> <span class='ocrx_word' id='word_1_10' title='bbox 2709 799 3038 899; x_wconf 87' lang='lat' dir='ltr'><strong>amplexu</strong></span> <span class='ocrx_word' id='word_1_11' title='bbox 3057 780 3070 789; x_wconf 55' lang='grc'><em>’</em></span> <span class='ocrx_word' id='word_1_12' title='bbox 3091 798 3574 877; x_wconf 75' lang='lat' dir='ltr'><strong>contenderint</strong></span> <span class='ocrx_word' id='word_1_13' title='bbox 3625 801 4148 900; x_wconf 83' lang='lat' dir='ltr'><strong>potentissimae</strong></span> 
     </span>
     <span class='ocr_line' id='line_1_3' title="bbox 1106 918 4150 1021; baseline 0.001 -25"><span class='ocrx_word' id='word_1_14' title='bbox 1106 922 1415 997; x_wconf 88' lang='lat' dir='ltr'><strong>civitates</strong></span> <span class='ocrx_word' id='word_1_15' title='bbox 1432 980 1453 1011; x_wconf 89' lang='lat'>‚</span> <span class='ocrx_word' id='word_1_16' title='bbox 1526 921 1819 1020; x_wconf 81' lang='lat' dir='ltr'><strong>quinam</strong></span> <span class='ocrx_word' id='word_1_17' title='bbox 1890 919 2073 995; x_wconf 89' lang='lat' dir='ltr'><strong>bello</strong></span> <span class='ocrx_word' id='word_1_18' title='bbox 2132 919 2400 995; x_wconf 87' lang='lat' dir='ltr'><strong>Punico</strong></span> <span class='ocrx_word' id='word_1_19' title='bbox 2465 919 2720 995; x_wconf 75' lang='lat' dir='ltr'><strong>classes</strong></span> <span class='ocrx_word' id='word_1_20' title='bbox 2787 918 3216 1019; x_wconf 80' lang='lat' dir='ltr'><strong>perdiderint</strong></span> <span class='ocrx_word' id='word_1_21' title='bbox 3237 977 3260 1012; x_wconf 85' lang='lat'>,</span> <span class='ocrx_word' id='word_1_22' title='bbox 3333 928 3406 995; x_wconf 88' lang='lat' dir='ltr'><strong>et</strong></span> <span class='ocrx_word' id='word_1_23' title='bbox 3477 921 3916 1021; x_wconf 87' lang='lat' dir='ltr'><strong>antiquitatis</strong></span> <span class='ocrx_word' id='word_1_24' title='bbox 3979 923 4150 999; x_wconf 87' lang='lat' dir='ltr'><strong>istas</strong></span> 
     </span>
     <span class='ocr_line' id='line_1_4' title="bbox 1106 1039 4148 1142; baseline 0 -27"><span class='ocrx_word' id='word_1_25' title='bbox 1106 1042 1477 1140; x_wconf 79' lang='lat' dir='ltr'>Syracusas</span> <span class='ocrx_word' id='word_1_26' title='bbox 1496 1102 1517 1130; x_wconf 92' lang='lat'>,</span> <span class='ocrx_word' id='word_1_27' title='bbox 1581 1041 1709 1117; x_wconf 89' lang='lat' dir='ltr'><strong>ubi</strong></span> <span class='ocrx_word' id='word_1_28' title='bbox 1768 1039 2305 1116; x_wconf 81' lang='lat' dir='ltr'><strong>Atheniensium</strong></span> <span class='ocrx_word' id='word_1_29' title='bbox 2348 1041 2426 1115; x_wconf 90' lang='lat' dir='ltr'><strong>in</strong></span> <span class='ocrx_word' id='word_1_30' title='bbox 2474 1063 2682 1115; x_wconf 90' lang='lat' dir='ltr'><strong>omne</strong></span> <span class='ocrx_word' id='word_1_31' title='bbox 2733 1064 2984 1115; x_wconf 85' lang='lat' dir='ltr'><strong>aevum</strong></span> <span class='ocrx_word' id='word_1_32' title='bbox 3031 1040 3426 1117; x_wconf 80' lang='lat' dir='ltr'><strong>miserabile</strong></span> <span class='ocrx_word' id='word_1_33' title='bbox 3465 1042 3841 1142; x_wconf 83' lang='lat' dir='ltr'><strong>imperium</strong></span> <span class='ocrx_word' id='word_1_34' title='bbox 3859 1100 3884 1132; x_wconf 86' lang='lat'>‚</span> <span class='ocrx_word' id='word_1_35' title='bbox 3929 1043 4108 1118; x_wconf 90' lang='lat' dir='ltr'><strong>eheu</strong></span> <span class='ocrx_word' id='word_1_36' title='bbox 4127 1102 4148 1130; x_wconf 91' lang='lat'>,</span> 
     </span>
     <span class='ocr_line' id='line_1_5' title="bbox 1104 1160 4154 1261; baseline 0.001 -26"><span class='ocrx_word' id='word_1_37' title='bbox 1104 1162 1375 1259; x_wconf 83' lang='lat' dir='ltr'><strong>ingenti</strong></span> <span class='ocrx_word' id='word_1_38' title='bbox 1440 1161 1643 1239; x_wconf 89' lang='lat' dir='ltr'><strong>ruina</strong></span> <span class='ocrx_word' id='word_1_39' title='bbox 1714 1160 2097 1259; x_wconf 87' lang='lat' dir='ltr'><strong>collapsum</strong></span> <span class='ocrx_word' id='word_1_40' title='bbox 2162 1168 2287 1235; x_wconf 89' lang='lat' dir='ltr'><strong>est.</strong></span> <span class='ocrx_word' id='word_1_41' title='bbox 2387 1160 2588 1237; x_wconf 89' lang='lat' dir='ltr'><strong>Haec</strong></span> <span class='ocrx_word' id='word_1_42' title='bbox 2655 1168 2894 1235; x_wconf 91' lang='lat' dir='ltr'><strong>autem</strong></span> <span class='ocrx_word' id='word_1_43' title='bbox 2959 1184 3088 1237; x_wconf 87' lang='lat' dir='ltr'><strong>nos</strong></span> <span class='ocrx_word' id='word_1_44' title='bbox 3145 1160 3534 1261; x_wconf 80' lang='lat' dir='ltr'><strong>philologos</strong></span> <span class='ocrx_word' id='word_1_45' title='bbox 3553 1218 3576 1251; x_wconf 88' lang='lat'>,</span> <span class='ocrx_word' id='word_1_46' title='bbox 3649 1171 3723 1238; x_wconf 90' lang='lat' dir='ltr'><strong>et</strong></span> <span class='ocrx_word' id='word_1_47' title='bbox 3789 1162 4154 1239; x_wconf 85' lang='lat' dir='ltr'><strong>verborum</strong></span> 
     </span>
     <span class='ocr_line' id='line_1_6' title="bbox 1106 1279 4152 1381; baseline 0 -26"><span class='ocrx_word' id='word_1_48' title='bbox 1106 1282 1307 1357; x_wconf 89' lang='lat' dir='ltr'><strong>unice</strong></span> <span class='ocrx_word' id='word_1_49' title='bbox 1374 1290 1741 1358; x_wconf 80' lang='lat' dir='ltr'><strong>sectatores</strong></span> <span class='ocrx_word' id='word_1_50' title='bbox 1757 1339 1778 1370; x_wconf 90' lang='lat'>‚</span> <span class='ocrx_word' id='word_1_51' title='bbox 1848 1279 2474 1379; x_wconf 76' lang='lat' dir='ltr'><strong>grammaticosque</strong></span> <span class='ocrx_word' id='word_1_52' title='bbox 2545 1279 2840 1356; x_wconf 89' lang='lat' dir='ltr'><strong>abiicere</strong></span> <span class='ocrx_word' id='word_1_53' title='bbox 2913 1280 3282 1381; x_wconf 87' lang='lat' dir='ltr'><strong>perhibent</strong></span> <span class='ocrx_word' id='word_1_54' title='bbox 3363 1281 3588 1357; x_wconf 89' lang='lat' dir='ltr'><strong>invidi</strong></span> <span class='ocrx_word' id='word_1_55' title='bbox 3655 1282 3944 1381; x_wconf 88' lang='lat' dir='ltr'><strong>quidam</strong></span> <span class='ocrx_word' id='word_1_56' title='bbox 4012 1283 4152 1357; x_wconf 89' lang='lat' dir='ltr'><strong>sive</strong></span> 
     </span>
     <span class='ocr_line' id='line_1_7' title="bbox 1102 1399 4153 1503; baseline 0 -26"><span class='ocrx_word' id='word_1_57' title='bbox 1102 1425 1335 1477; x_wconf 89' lang='lat' dir='ltr'><strong>rerum</strong></span> <span class='ocrx_word' id='word_1_58' title='bbox 1408 1401 1599 1479; x_wconf 90' lang='lat' dir='ltr'><strong>haud</strong></span> <span class='ocrx_word' id='word_1_59' title='bbox 1666 1401 1835 1476; x_wconf 88' lang='lat' dir='ltr'><strong>satis</strong></span> <span class='ocrx_word' id='word_1_60' title='bbox 1906 1399 2107 1499; x_wconf 89' lang='lat' dir='ltr'><strong>gnari</strong></span> <span class='ocrx_word' id='word_1_61' title='bbox 2122 1458 2145 1488; x_wconf 90' lang='lat'>‚</span> <span class='ocrx_word' id='word_1_62' title='bbox 2218 1399 2482 1498; x_wconf 90' lang='lat' dir='ltr'><strong>quibus</strong></span> <span class='ocrx_word' id='word_1_63' title='bbox 2545 1407 2778 1476; x_wconf 86' lang='lat' dir='ltr'><strong>tamen</strong></span> <span class='ocrx_word' id='word_1_64' title='bbox 2847 1400 3064 1475; x_wconf 88' lang='lat' dir='ltr'><strong>fidem</strong></span> <span class='ocrx_word' id='word_1_65' title='bbox 3121 1424 3264 1476; x_wconf 89' lang='lat' dir='ltr'><strong>non</strong></span> <span class='ocrx_word' id='word_1_66' title='bbox 3335 1400 3706 1501; x_wconf 80' lang='lat' dir='ltr'><strong>denegavit</strong></span> <span class='ocrx_word' id='word_1_67' title='bbox 3749 1401 4153 1503; x_wconf 77' lang='lat' dir='ltr'><strong>imprudens</strong></span> 
     </span>
     <span class='ocr_line' id='line_1_8' title="bbox 1100 1520 4152 1621; baseline 0.001 -26"><span class='ocrx_word' id='word_1_68' title='bbox 1100 1520 1387 1595; x_wconf 81' lang='lat' dir='ltr'><strong>forsitan</strong></span> <span class='ocrx_word' id='word_1_69' title='bbox 1435 1546 1619 1595; x_wconf 89' lang='lat' dir='ltr'><strong>unus</strong></span> <span class='ocrx_word' id='word_1_70' title='bbox 1664 1528 1737 1595; x_wconf 90' lang='lat' dir='ltr'><strong>et</strong></span> <span class='ocrx_word' id='word_1_71' title='bbox 1784 1520 1981 1609; x_wconf 89' lang='lat' dir='ltr'><strong>alter,</strong></span> <span class='ocrx_word' id='word_1_72' title='bbox 2036 1544 2159 1618; x_wconf 88' lang='lat' dir='ltr'><strong>per</strong></span> <span class='ocrx_word' id='word_1_73' title='bbox 2206 1544 2418 1619; x_wconf 89' lang='lat' dir='ltr'><strong>quem</strong></span> <span class='ocrx_word' id='word_1_74' title='bbox 2463 1520 2672 1595; x_wconf 89' lang='lat' dir='ltr'><strong>latius</strong></span> <span class='ocrx_word' id='word_1_75' title='bbox 2717 1528 2948 1621; x_wconf 89' lang='lat' dir='ltr'><strong>serpat</strong></span> <span class='ocrx_word' id='word_1_76' title='bbox 2989 1545 3314 1620; x_wconf 88' lang='lat' dir='ltr'><strong>perversa</strong></span> <span class='ocrx_word' id='word_1_77' title='bbox 3359 1521 3622 1621; x_wconf 89' lang='lat' dir='ltr'><strong>opinio.</strong></span> <span class='ocrx_word' id='word_1_78' title='bbox 3719 1522 3874 1597; x_wconf 88' lang='lat' dir='ltr'><strong>Nec</strong></span> <span class='ocrx_word' id='word_1_79' title='bbox 3921 1532 4152 1597; x_wconf 90' lang='lat' dir='ltr'><strong>tamen</strong></span> 
     </span>
     <span class='ocr_line' id='line_1_9' title="bbox 1102 1640 4154 1741; baseline 0.001 -27"><span class='ocrx_word' id='word_1_80' title='bbox 1102 1664 1217 1715; x_wconf 92' lang='lat' dir='ltr'><strong>me</strong></span> <span class='ocrx_word' id='word_1_81' title='bbox 1265 1640 1502 1739; x_wconf 91' lang='lat' dir='ltr'><strong>ipsum</strong></span> <span class='ocrx_word' id='word_1_82' title='bbox 1552 1664 1973 1741; x_wconf 79' lang='lat' dir='ltr'><strong>magnopere</strong></span> <span class='ocrx_word' id='word_1_83' title='bbox 2012 1640 2412 1715; x_wconf 79' lang='lat' dir='ltr'><strong>disturbant</strong></span> <span class='ocrx_word' id='word_1_84' title='bbox 2451 1640 2848 1715; x_wconf 86' lang='lat' dir='ltr'><strong>istiusmodi</strong></span> <span class='ocrx_word' id='word_1_85' title='bbox 2889 1640 3251 1739; x_wconf 80' lang='lat' dir='ltr'><strong>querelae3</strong></span> <span class='ocrx_word' id='word_1_86' title='bbox 3311 1640 3544 1717; x_wconf 89' lang='lat' dir='ltr'><strong>sciunt</strong></span> <span class='ocrx_word' id='word_1_87' title='bbox 3589 1640 3778 1717; x_wconf 89' lang='lat' dir='ltr'><strong>enim</strong></span> <span class='ocrx_word' id='word_1_88' title='bbox 3823 1650 3898 1716; x_wconf 89' lang='lat' dir='ltr'><strong>et</strong></span> <span class='ocrx_word' id='word_1_89' title='bbox 3939 1642 4154 1741; x_wconf 86' lang='lat' dir='ltr'><strong>probe</strong></span> 
     </span>
     <span class='ocr_line' id='line_1_10' title="bbox 1101 1759 4150 1861; baseline 0 -26"><span class='ocrx_word' id='word_1_90' title='bbox 1101 1768 1343 1835; x_wconf 89' lang='lat' dir='ltr'><strong>tenent</strong></span> <span class='ocrx_word' id='word_1_91' title='bbox 1362 1819 1383 1848; x_wconf 92' lang='lat'>,</span> <span class='ocrx_word' id='word_1_92' title='bbox 1456 1760 1518 1835; x_wconf 92' lang='lat' dir='ltr'><strong>si</strong></span> <span class='ocrx_word' id='word_1_93' title='bbox 1582 1760 1709 1859; x_wconf 90' lang='lat' dir='ltr'><strong>qui</strong></span> <span class='ocrx_word' id='word_1_94' title='bbox 1768 1784 1885 1835; x_wconf 89' lang='lat' dir='ltr'><strong>me</strong></span> <span class='ocrx_word' id='word_1_95' title='bbox 1956 1760 2319 1857; x_wconf 85' lang='lat' dir='ltr'><strong>cognorint</strong></span> <span class='ocrx_word' id='word_1_96' title='bbox 2336 1819 2357 1848; x_wconf 92' lang='lat'>,</span> <span class='ocrx_word' id='word_1_97' title='bbox 2423 1760 2576 1835; x_wconf 89' lang='lat' dir='ltr'><strong>istis</strong></span> <span class='ocrx_word' id='word_1_98' title='bbox 2625 1784 2740 1837; x_wconf 91' lang='lat' dir='ltr'><strong>me</strong></span> <span class='ocrx_word' id='word_1_99' title='bbox 2785 1763 3088 1837; x_wconf 72' lang='lat' dir='ltr'><strong>realibus</strong></span> <span class='ocrx_word' id='word_1_100' title='bbox 3131 1759 3435 1837; x_wconf 89' lang='lat' dir='ltr'><strong>nimium</strong></span> <span class='ocrx_word' id='word_1_101' title='bbox 3487 1760 3776 1837; x_wconf 85' lang='lat' dir='ltr'><strong>fortasse</strong></span> <span class='ocrx_word' id='word_1_102' title='bbox 3821 1762 4150 1861; x_wconf 90' lang='lat' dir='ltr'><strong>temporis</strong></span> 
     </span>
     <span class='ocr_line' id='line_1_11' title="bbox 1101 1879 4147 1981; baseline 0.001 -28"><span class='ocrx_word' id='word_1_103' title='bbox 1101 1888 1173 1954; x_wconf 91' lang='lat' dir='ltr'><strong>et</strong></span> <span class='ocrx_word' id='word_1_104' title='bbox 1234 1879 1454 1955; x_wconf 88' lang='lat' dir='ltr'><strong>studii</strong></span> <span class='ocrx_word' id='word_1_105' title='bbox 1521 1880 1664 1955; x_wconf 88' lang='lat' dir='ltr'><strong>iam</strong></span> <span class='ocrx_word' id='word_1_106' title='bbox 1720 1879 2194 1977; x_wconf 85' lang='lat' dir='ltr'><strong>insumpsisse.</strong></span> <span class='ocrx_word' id='word_1_107' title='bbox 2293 1881 2399 1955; x_wconf 92' lang='lat' dir='ltr'><strong>At</strong></span> <span class='ocrx_word' id='word_1_108' title='bbox 2439 1904 2568 1957; x_wconf 90' lang='lat' dir='ltr'><strong>nos</strong></span> <span class='ocrx_word' id='word_1_109' title='bbox 2611 1905 2846 1981; x_wconf 90' lang='lat' dir='ltr'><strong>neque</strong></span> <span class='ocrx_word' id='word_1_110' title='bbox 2887 1880 3366 1957; x_wconf 87' lang='lat' dir='ltr'><strong>iurisconsulti</strong></span> <span class='ocrx_word' id='word_1_111' title='bbox 3407 1904 3655 1957; x_wconf 90' lang='lat' dir='ltr'><strong>sumus</strong></span> <span class='ocrx_word' id='word_1_112' title='bbox 3675 1940 3698 1971; x_wconf 89' lang='lat'>,</span> <span class='ocrx_word' id='word_1_113' title='bbox 3745 1889 3828 1955; x_wconf 89' lang='lat' dir='ltr'><strong>ut</strong></span> <span class='ocrx_word' id='word_1_114' title='bbox 3879 1881 3970 1955; x_wconf 91' lang='lat' dir='ltr'><strong>de</strong></span> <span class='ocrx_word' id='word_1_115' title='bbox 4021 1881 4147 1957; x_wconf 87' lang='lat' dir='ltr'><strong>du·</strong></span> 
     </span>
     <span class='ocr_line' id='line_1_12' title="bbox 1100 1984 4147 2101; baseline 0.001 -28"><span class='ocrx_word' id='word_1_116' title='bbox 1100 1998 1369 2075; x_wconf 89' lang='lat' dir='ltr'><strong>odecim</strong></span> <span class='ocrx_word' id='word_1_117' title='bbox 1437 1986 1695 2075; x_wconf 84' lang='lat' dir='ltr'><strong>tabulis</strong></span> <span class='ocrx_word' id='word_1_118' title='bbox 1713 2057 1734 2087; x_wconf 88' lang='lat'>,</span> <span class='ocrx_word' id='word_1_119' title='bbox 1784 1984 1911 2080; x_wconf 84' lang='lat' dir='ltr'><strong>&#39;vel</strong></span> <span class='ocrx_word' id='word_1_120' title='bbox 1964 1998 2055 2075; x_wconf 90' lang='lat' dir='ltr'><strong>de</strong></span> <span class='ocrx_word' id='word_1_121' title='bbox 2096 2000 2536 2077; x_wconf 67' lang='lat' dir='ltr'><strong>Insrmrauo</strong></span> <span class='ocrx_word' id='word_1_122' title='bbox 2591 2001 2958 2079; x_wconf 88' lang='lat' dir='ltr'><strong>commode</strong></span> <span class='ocrx_word' id='word_1_123' title='bbox 3015 2024 3310 2101; x_wconf 79' lang='lat' dir='ltr'><strong>agamus</strong></span> <span class='ocrx_word' id='word_1_124' title='bbox 3326 2060 3349 2091; x_wconf 92' lang='lat'>‚</span> <span class='ocrx_word' id='word_1_125' title='bbox 3409 2026 3642 2101; x_wconf 88' lang='lat' dir='ltr'><strong>neque</strong></span> <span class='ocrx_word' id='word_1_126' title='bbox 3683 2000 4110 2099; x_wconf 88' lang='lat' dir='ltr'><strong>archaeologi</strong></span> <span class='ocrx_word' id='word_1_127' title='bbox 4126 2057 4147 2088; x_wconf 89' lang='lat'><strong>,</strong></span> 
     </span>
     <span class='ocr_line' id='line_1_13' title="bbox 1103 2119 4145 2221; baseline 0.001 -30"><span class='ocrx_word' id='word_1_128' title='bbox 1103 2127 1183 2191; x_wconf 91' lang='lat' dir='ltr'><strong>ut</strong></span> <span class='ocrx_word' id='word_1_129' title='bbox 1234 2119 1323 2192; x_wconf 91' lang='lat' dir='ltr'><strong>de</strong></span> <span class='ocrx_word' id='word_1_130' title='bbox 1372 2119 1669 2218; x_wconf 87' lang='lat' dir='ltr'><strong>gemmis</strong></span> <span class='ocrx_word' id='word_1_131' title='bbox 1686 2178 1709 2208; x_wconf 90' lang='lat'>‚</span> <span class='ocrx_word' id='word_1_132' title='bbox 1772 2127 1845 2195; x_wconf 91' lang='lat' dir='ltr'><strong>et</strong></span> <span class='ocrx_word' id='word_1_133' title='bbox 1894 2120 2323 2197; x_wconf 86' lang='lat' dir='ltr'><strong>vestimentis</strong></span> <span class='ocrx_word' id='word_1_134' title='bbox 2376 2134 2690 2198; x_wconf 81' lang='lat' dir='ltr'><strong>veterum</strong></span> <span class='ocrx_word' id='word_1_135' title='bbox 2710 2178 2730 2209; x_wconf 86' lang='lat'><em>,</em></span> <span class='ocrx_word' id='word_1_136' title='bbox 2809 2121 3038 2221; x_wconf 89' lang='lat' dir='ltr'><strong>deque</strong></span> <span class='ocrx_word' id='word_1_137' title='bbox 3091 2144 3334 2197; x_wconf 88' lang='lat' dir='ltr'><strong>eorum</strong></span> <span class='ocrx_word' id='word_1_138' title='bbox 3388 2119 3830 2197; x_wconf 80' lang='lat' dir='ltr'><strong>conclavibus</strong></span> <span class='ocrx_word' id='word_1_139' title='bbox 3875 2119 4145 2196; x_wconf 83' lang='lat' dir='ltr'><strong>vehicu-</strong></span> 
     </span>
     <span class='ocr_line' id='line_1_14' title="bbox 1099 2237 4146 2340; baseline 0.001 -27"><span class='ocrx_word' id='word_1_140' title='bbox 1099 2238 1324 2337; x_wconf 89' lang='lat' dir='ltr'><strong>lisque</strong></span> <span class='ocrx_word' id='word_1_141' title='bbox 1402 2237 1625 2314; x_wconf 90' lang='lat' dir='ltr'><strong>simus</strong></span> <span class='ocrx_word' id='word_1_142' title='bbox 1694 2238 1879 2315; x_wconf 89' lang='lat' dir='ltr'><strong>iusto</strong></span> <span class='ocrx_word' id='word_1_143' title='bbox 1952 2239 2177 2339; x_wconf 87' lang='lat' dir='ltr'><strong>magis</strong></span> <span class='ocrx_word' id='word_1_144' title='bbox 2260 2241 2535 2319; x_wconf 88' lang='lat' dir='ltr'><strong>solliciti</strong></span> <span class='ocrx_word' id='word_1_145' title='bbox 2556 2299 2576 2330; x_wconf 86' lang='lat'><em>,</em></span> <span class='ocrx_word' id='word_1_146' title='bbox 2645 2250 2770 2317; x_wconf 88' lang='lat' dir='ltr'><strong>aut</strong></span> <span class='ocrx_word' id='word_1_147' title='bbox 2839 2240 3288 2317; x_wconf 86' lang='lat' dir='ltr'><strong>moderamur</strong></span> <span class='ocrx_word' id='word_1_148' title='bbox 3355 2240 3856 2339; x_wconf 86' lang='lat' dir='ltr'><strong>rempublicam</strong></span> <span class='ocrx_word' id='word_1_149' title='bbox 3877 2299 3896 2329; x_wconf 85' lang='lat'>,</span> <span class='ocrx_word' id='word_1_150' title='bbox 3972 2266 4146 2340; x_wconf 89' lang='lat' dir='ltr'><strong>quae</strong></span> 
     </span>
     <span class='ocr_line' id='line_1_15' title="bbox 1098 2357 4142 2459; baseline 0.001 -26"><span class='ocrx_word' id='word_1_151' title='bbox 1098 2360 1299 2458; x_wconf 89' lang='lat' dir='ltr'><strong>peius</strong></span> <span class='ocrx_word' id='word_1_152' title='bbox 1350 2357 1673 2457; x_wconf 87' lang='lat' dir='ltr'><strong>castigari</strong></span> <span class='ocrx_word' id='word_1_153' title='bbox 1715 2358 1995 2457; x_wconf 87' lang='lat' dir='ltr'><strong>nequit,</strong></span> <span class='ocrx_word' id='word_1_154' title='bbox 2044 2384 2258 2459; x_wconf 87' lang='lat' dir='ltr'><strong>quam</strong></span> <span class='ocrx_word' id='word_1_155' title='bbox 2302 2361 2363 2437; x_wconf 89' lang='lat' dir='ltr'><strong>si</strong></span> <span class='ocrx_word' id='word_1_156' title='bbox 2409 2360 2838 2459; x_wconf 89' lang='lat' dir='ltr'><strong>philosophis</strong></span> <span class='ocrx_word' id='word_1_157' title='bbox 2889 2359 3198 2459; x_wconf 88' lang='lat' dir='ltr'><strong>regenda</strong></span> <span class='ocrx_word' id='word_1_158' title='bbox 3251 2360 3603 2435; x_wconf 87' lang='lat' dir='ltr'><strong>tradatur:</strong></span> <span class='ocrx_word' id='word_1_159' title='bbox 3655 2358 4142 2436; x_wconf 88' lang='lat' dir='ltr'><strong>abstinendum</strong></span> 
     </span>
     <span class='ocr_line' id='line_1_16' title="bbox 1098 2478 4141 2579; baseline 0 -25"><span class='ocrx_word' id='word_1_160' title='bbox 1098 2487 1206 2555; x_wconf 89' lang='lat' dir='ltr'><strong>est</strong></span> <span class='ocrx_word' id='word_1_161' title='bbox 1268 2503 1311 2553; x_wconf 88' lang='lat' dir='ltr'><strong>a</strong></span> <span class='ocrx_word' id='word_1_162' title='bbox 1366 2504 1441 2553; x_wconf 92' lang='lat' dir='ltr'><strong>re</strong></span> <span class='ocrx_word' id='word_1_163' title='bbox 1494 2478 1772 2555; x_wconf 88' lang='lat' dir='ltr'><strong>militari</strong></span> <span class='ocrx_word' id='word_1_164' title='bbox 1792 2536 1811 2566; x_wconf 90' lang='lat'>,</span> <span class='ocrx_word' id='word_1_165' title='bbox 1876 2502 1967 2554; x_wconf 89' lang='lat' dir='ltr'><strong>ne</strong></span> <span class='ocrx_word' id='word_1_166' title='bbox 2015 2479 2468 2558; x_wconf 88' lang='lat' dir='ltr'><strong>Phormiones</strong></span> <span class='ocrx_word' id='word_1_167' title='bbox 2513 2482 2802 2568; x_wconf 89' lang='lat' dir='ltr'><strong>fiamus,</strong></span> <span class='ocrx_word' id='word_1_168' title='bbox 2849 2503 3084 2579; x_wconf 89' lang='lat' dir='ltr'><strong>neque</strong></span> <span class='ocrx_word' id='word_1_169' title='bbox 3137 2480 3684 2579; x_wconf 86' lang='lat' dir='ltr'><strong>argentariorum</strong></span> <span class='ocrx_word' id='word_1_170' title='bbox 3731 2505 3924 2556; x_wconf 86' lang='lat' dir='ltr'><strong>more</strong></span> <span class='ocrx_word' id='word_1_171' title='bbox 3971 2488 4141 2555; x_wconf 87' lang='lat' dir='ltr'><strong>tem·</strong></span> 
     </span>
     <span class='ocr_line' id='line_1_17' title="bbox 1096 2597 4144 2700; baseline 0 -27"><span class='ocrx_word' id='word_1_172' title='bbox 1096 2622 1231 2697; x_wconf 90' lang='lat' dir='ltr'><strong>pus</strong></span> <span class='ocrx_word' id='word_1_173' title='bbox 1278 2597 1645 2673; x_wconf 88' lang='lat' dir='ltr'><strong>terendum</strong></span> <span class='ocrx_word' id='word_1_174' title='bbox 1684 2597 1757 2671; x_wconf 91' lang='lat' dir='ltr'><strong>in</strong></span> <span class='ocrx_word' id='word_1_175' title='bbox 1814 2598 2241 2697; x_wconf 84' lang='lat' dir='ltr'><strong>expoliendis</strong></span> <span class='ocrx_word' id='word_1_176' title='bbox 2280 2600 2546 2700; x_wconf 86' lang='lat' dir='ltr'><strong>aliquot</strong></span> <span class='ocrx_word' id='word_1_177' title='bbox 2595 2600 2966 2677; x_wconf 78' lang='lat' dir='ltr'><strong>denar-ielis</strong></span> <span class='ocrx_word' id='word_1_178' title='bbox 2987 2656 3008 2688; x_wconf 86' lang='lat'>,</span> <span class='ocrx_word' id='word_1_179' title='bbox 3062 2598 3188 2697; x_wconf 91' lang='lat' dir='ltr'><strong>qui</strong></span> <span class='ocrx_word' id='word_1_180' title='bbox 3225 2600 3474 2675; x_wconf 84' lang='lat' dir='ltr'><strong>veteris</strong></span> <span class='ocrx_word' id='word_1_181' title='bbox 3515 2625 3602 2675; x_wconf 85' lang='lat' dir='ltr'><strong>ex</strong></span> <span class='ocrx_word' id='word_1_182' title='bbox 3641 2599 3830 2674; x_wconf 86' lang='lat' dir='ltr'><strong>orbis</strong></span> <span class='ocrx_word' id='word_1_183' title='bbox 3861 2600 4144 2677; x_wconf 89' lang='lat' dir='ltr'><strong>interitu</strong></span> 
     </span>
     <span class='ocr_line' id='line_1_18' title="bbox 1098 2717 4139 2822; baseline 0.001 -29"><span class='ocrx_word' id='word_1_184' title='bbox 1098 2717 1538 2822; x_wconf 78' lang='lat' dir='ltr'><strong>superfuere3</strong></span> <span class='ocrx_word' id='word_1_185' title='bbox 1608 2717 2043 2816; x_wconf 85' lang='lat' dir='ltr'><strong>grammatici</strong></span> <span class='ocrx_word' id='word_1_186' title='bbox 2111 2744 2355 2797; x_wconf 88' lang='lat' dir='ltr'><strong>sumus</strong></span> <span class='ocrx_word' id='word_1_187' title='bbox 2372 2779 2396 2810; x_wconf 88' lang='lat'><em>,</em></span> <span class='ocrx_word' id='word_1_188' title='bbox 2465 2728 2538 2795; x_wconf 90' lang='lat' dir='ltr'><strong>et</strong></span> <span class='ocrx_word' id='word_1_189' title='bbox 2611 2720 2956 2797; x_wconf 88' lang='lat' dir='ltr'><strong>tradimus</strong></span> <span class='ocrx_word' id='word_1_190' title='bbox 3017 2719 3564 2819; x_wconf 83' lang='lat' dir='ltr'><strong>grammaticam.</strong></span> <span class='ocrx_word' id='word_1_191' title='bbox 3663 2721 3765 2794; x_wconf 86' lang='lat' dir='ltr'><strong>At</strong></span> <span class='ocrx_word' id='word_1_192' title='bbox 3827 2721 4102 2820; x_wconf 87' lang='lat' dir='ltr'><strong>qualem</strong></span> <span class='ocrx_word' id='word_1_193' title='bbox 4116 2779 4139 2809; x_wconf 90' lang='lat'>‚</span> 
     </span>
     <span class='ocr_line' id='line_1_19' title="bbox 1096 2822 4142 2938; baseline 0 -25"><span class='ocrx_word' id='word_1_194' title='bbox 1096 2837 1439 2937; x_wconf 87' lang='lat' dir='ltr'><strong>cuiusque</strong></span> <span class='ocrx_word' id='word_1_195' title='bbox 1516 2836 1841 2936; x_wconf 81' lang='lat' dir='ltr'><strong>generis?</strong></span> <span class='ocrx_word' id='word_1_196' title='bbox 1926 2834 2159 2917; x_wconf 83' lang='lat' dir='ltr'><strong>Verbo</strong></span> <span class='ocrx_word' id='word_1_197' title='bbox 2220 2838 2572 2919; x_wconf 80' lang='lat' dir='ltr'><strong>absolvam</strong></span> <span class='ocrx_word' id='word_1_198' title='bbox 2594 2897 2614 2928; x_wconf 94' lang='lat'>‚</span> <span class='ocrx_word' id='word_1_199' title='bbox 2679 2822 3061 2938; x_wconf 87' lang='lat' dir='ltr'><strong>utriusque</strong></span> <span class='ocrx_word' id='word_1_200' title='bbox 3112 2840 3446 2916; x_wconf 81' lang='lat' dir='ltr'><strong>sermonis</strong></span> <span class='ocrx_word' id='word_1_201' title='bbox 3463 2898 3485 2927; x_wconf 89' lang='lat'><em>,</em></span> <span class='ocrx_word' id='word_1_202' title='bbox 3549 2840 3674 2937; x_wconf 92' lang='lat' dir='ltr'><strong>qui</strong></span> <span class='ocrx_word' id='word_1_203' title='bbox 3717 2840 3948 2917; x_wconf 89' lang='lat' dir='ltr'><strong>adhuc</strong></span> <span class='ocrx_word' id='word_1_204' title='bbox 3997 2840 4142 2915; x_wconf 89' lang='lat' dir='ltr'><strong>orbi</strong></span> 
     </span>
     <span class='ocr_line' id='line_1_20' title="bbox 1096 2955 4142 3060; baseline 0 -26"><span class='ocrx_word' id='word_1_205' title='bbox 1096 2966 1433 3034; x_wconf 87' lang='lat' dir='ltr'><strong>terrarum</strong></span> <span class='ocrx_word' id='word_1_206' title='bbox 1482 2955 1938 3056; x_wconf 81' lang='lat' dir='ltr'><strong>imperitavit,</strong></span> <span class='ocrx_word' id='word_1_207' title='bbox 2006 2958 2341 3038; x_wconf 87' lang='lat' dir='ltr'><strong>sermonis</strong></span> <span class='ocrx_word' id='word_1_208' title='bbox 2393 2959 2794 3037; x_wconf 87' lang='lat' dir='ltr'><strong>divitissimi</strong></span> <span class='ocrx_word' id='word_1_209' title='bbox 2818 3017 2839 3049; x_wconf 91' lang='lat'>‚</span> <span class='ocrx_word' id='word_1_210' title='bbox 2889 2957 3335 3060; x_wconf 89' lang='lat' dir='ltr'><strong>pulcherrimi</strong></span> <span class='ocrx_word' id='word_1_211' title='bbox 3379 2966 3450 3034; x_wconf 89' lang='lat' dir='ltr'><strong>et</strong></span> <span class='ocrx_word' id='word_1_212' title='bbox 3499 2959 3800 3034; x_wconf 82' lang='lat' dir='ltr'><strong>maxime</strong></span> <span class='ocrx_word' id='word_1_213' title='bbox 3845 2959 4142 3036; x_wconf 88' lang='lat' dir='ltr'><strong>absoluti</strong></span> 
     </span>
     <span class='ocr_line' id='line_1_21' title="bbox 1096 3070 4134 3177; baseline 0 -23"><span class='ocrx_word' id='word_1_214' title='bbox 1096 3103 1309 3177; x_wconf 90' lang='lat' dir='ltr'><strong>quem</strong></span> <span class='ocrx_word' id='word_1_215' title='bbox 1356 3078 1681 3157; x_wconf 84' lang='lat' dir='ltr'><strong>humanis</strong></span> <span class='ocrx_word' id='word_1_216' title='bbox 1726 3102 2063 3177; x_wconf 87' lang='lat' dir='ltr'><strong>umquam</strong></span> <span class='ocrx_word' id='word_1_217' title='bbox 2112 3081 2357 3158; x_wconf 88' lang='lat' dir='ltr'><strong>usibus</strong></span> <span class='ocrx_word' id='word_1_218' title='bbox 2409 3081 2801 3159; x_wconf 85' lang='lat' dir='ltr'><strong>inserviisse</strong></span> <span class='ocrx_word' id='word_1_219' title='bbox 2855 3070 3216 3168; x_wconf 71' lang='lat' dir='ltr'><strong>novimus,</strong></span> <span class='ocrx_word' id='word_1_220' title='bbox 3265 3087 3340 3153; x_wconf 91' lang='lat' dir='ltr'><strong>et</strong></span> <span class='ocrx_word' id='word_1_221' title='bbox 3377 3079 3660 3156; x_wconf 87' lang='lat' dir='ltr'><strong>alterius</strong></span> <span class='ocrx_word' id='word_1_222' title='bbox 3703 3079 3892 3169; x_wconf 88' lang='lat' dir='ltr'><strong>eius,</strong></span> <span class='ocrx_word' id='word_1_223' title='bbox 3939 3080 4134 3156; x_wconf 88' lang='lat' dir='ltr'><strong>cuius</strong></span> 
     </span>
     <span class='ocr_line' id='line_1_22' title="bbox 1093 3198 4134 3298; baseline 0 -26"><span class='ocrx_word' id='word_1_224' title='bbox 1093 3200 1341 3298; x_wconf 88' lang='lat' dir='ltr'><strong>iugum</strong></span> <span class='ocrx_word' id='word_1_225' title='bbox 1358 3257 1379 3287; x_wconf 94' lang='lat'>,</span> <span class='ocrx_word' id='word_1_226' title='bbox 1445 3198 1614 3274; x_wconf 91' lang='lat' dir='ltr'><strong>olim</strong></span> <span class='ocrx_word' id='word_1_227' title='bbox 1676 3199 2115 3274; x_wconf 89' lang='lat' dir='ltr'><strong>intermortui</strong></span> <span class='ocrx_word' id='word_1_228' title='bbox 2133 3258 2155 3287; x_wconf 88' lang='lat'>‚</span> <span class='ocrx_word' id='word_1_229' title='bbox 2219 3224 2408 3276; x_wconf 87' lang='lat' dir='ltr'><strong>nunc</strong></span> <span class='ocrx_word' id='word_1_230' title='bbox 2467 3201 2753 3278; x_wconf 89' lang='lat' dir='ltr'><strong>demum</strong></span> <span class='ocrx_word' id='word_1_231' title='bbox 2827 3201 3235 3278; x_wconf 86' lang='lat' dir='ltr'><strong>dubitanter</strong></span> <span class='ocrx_word' id='word_1_232' title='bbox 3289 3199 3612 3274; x_wconf 86' lang='lat' dir='ltr'><strong>exuimus</strong></span> <span class='ocrx_word' id='word_1_233' title='bbox 3657 3199 4054 3298; x_wconf 86' lang='lat' dir='ltr'><strong>aequalium</strong></span> <span class='ocrx_word' id='word_1_234' title='bbox 4097 3225 4134 3272; x_wconf 89' lang='lat' dir='ltr'><strong>e</strong></span> 
     </span>
     <span class='ocr_line' id='line_1_23' title="bbox 1095 3318 4184 3430; baseline -0 -37"><span class='ocrx_word' id='word_1_235' title='bbox 1095 3318 1521 3396; x_wconf 85' lang='lat' dir='ltr'><strong>nostratibus</strong></span> <span class='ocrx_word' id='word_1_236' title='bbox 1564 3318 1985 3398; x_wconf 85' lang='lat' dir='ltr'><strong>audaciores.</strong></span> <span class='ocrx_word' id='word_1_237' title='bbox 2085 3320 2263 3398; x_wconf 85' lang='lat' dir='ltr'><strong>Eam</strong></span> <span class='ocrx_word' id='word_1_238' title='bbox 2310 3345 2470 3398; x_wconf 84' lang='lat' dir='ltr'><strong>vero</strong></span> <span class='ocrx_word' id='word_1_239' title='bbox 2513 3345 2750 3396; x_wconf 89' lang='lat' dir='ltr'><strong>rerum</strong></span> <span class='ocrx_word' id='word_1_240' title='bbox 2787 3319 3317 3420; x_wconf 85' lang='lat' dir='ltr'><strong>intelligentiam</strong></span> <span class='ocrx_word' id='word_1_241' title='bbox 3337 3377 3360 3407; x_wconf 90' lang='lat'>‚</span> <span class='ocrx_word' id='word_1_242' title='bbox 3411 3319 3472 3394; x_wconf 91' lang='lat' dir='ltr'><strong>si</strong></span> <span class='ocrx_word' id='word_1_243' title='bbox 3505 3319 3677 3419; x_wconf 85' lang='lat' dir='ltr'><strong>quid</strong></span> <span class='ocrx_word' id='word_1_244' title='bbox 3709 3319 3876 3430; x_wconf 74' lang='lat' dir='ltr'><strong>boni</strong></span> <span class='ocrx_word' id='word_1_245' title='bbox 3899 3319 4132 3415; x_wconf 76' lang='lat' dir='ltr'><strong>inerit,</strong></span> <span class='ocrx_word' id='word_1_246' title='bbox 4177 3351 4184 3354; x_wconf 96' lang='lat'>·</span> 
     </span>
     <span class='ocr_line' id='line_1_24' title="bbox 1094 3437 4132 3541; baseline -0.001 -27"><span class='ocrx_word' id='word_1_247' title='bbox 1094 3439 1483 3538; x_wconf 81' lang='lat' dir='ltr'><strong>harumque</strong></span> <span class='ocrx_word' id='word_1_248' title='bbox 1538 3439 1945 3537; x_wconf 83' lang='lat' dir='ltr'><strong>opinionum</strong></span> <span class='ocrx_word' id='word_1_249' title='bbox 1998 3449 2265 3537; x_wconf 85' lang='lat' dir='ltr'><strong>partem</strong></span> <span class='ocrx_word' id='word_1_250' title='bbox 2334 3441 2502 3518; x_wconf 86' lang='lat' dir='ltr'><strong>satis</strong></span> <span class='ocrx_word' id='word_1_251' title='bbox 2563 3465 2893 3541; x_wconf 85' lang='lat' dir='ltr'><strong>magnam</strong></span> <span class='ocrx_word' id='word_1_252' title='bbox 2947 3440 3246 3516; x_wconf 75' lang='lat' dir='ltr'><strong>Conaro</strong></span> <span class='ocrx_word' id='word_1_253' title='bbox 3281 3463 3396 3514; x_wconf 90' lang='lat' dir='ltr'><strong>me</strong></span> <span class='ocrx_word' id='word_1_254' title='bbox 3445 3437 3737 3527; x_wconf 87' lang='lat' dir='ltr'><strong>debere,</strong></span> <span class='ocrx_word' id='word_1_255' title='bbox 3799 3463 3942 3514; x_wconf 88' lang='lat' dir='ltr'><strong>non</strong></span> <span class='ocrx_word' id='word_1_256' title='bbox 3985 3447 4132 3512; x_wconf 83' lang='lat' dir='ltr'><strong>tan-</strong></span> 
     </span>
     <span class='ocr_line' id='line_1_25' title="bbox 1092 3543 4132 3661; baseline -0 -27"><span class='ocrx_word' id='word_1_257' title='bbox 1092 3543 1249 3634; x_wconf 65' lang='lat' dir='ltr'><strong>t&#39;um</strong></span> <span class='ocrx_word' id='word_1_258' title='bbox 1315 3579 1457 3634; x_wconf 88' lang='lat' dir='ltr'><strong>non</strong></span> <span class='ocrx_word' id='word_1_259' title='bbox 1512 3557 1840 3647; x_wconf 86' lang='lat' dir='ltr'><strong>diffiteor,</strong></span> <span class='ocrx_word' id='word_1_260' title='bbox 1911 3559 2083 3657; x_wconf 89' lang='lat' dir='ltr'><strong>quin</strong></span> <span class='ocrx_word' id='word_1_261' title='bbox 2144 3560 2362 3641; x_wconf 90' lang='lat' dir='ltr'><strong>immo</strong></span> <span class='ocrx_word' id='word_1_262' title='bbox 2401 3561 2656 3661; x_wconf 88' lang='lat' dir='ltr'><strong>glorior</strong></span> <span class='ocrx_word' id='word_1_263' title='bbox 2696 3568 2768 3635; x_wconf 92' lang='lat' dir='ltr'><strong>et</strong></span> <span class='ocrx_word' id='word_1_264' title='bbox 2811 3559 3174 3661; x_wconf 81' lang='lat' dir='ltr'><strong>praedicO,</strong></span> <span class='ocrx_word' id='word_1_265' title='bbox 3239 3560 3622 3636; x_wconf 88' lang='lat' dir='ltr'><strong>dummodo</strong></span> <span class='ocrx_word' id='word_1_266' title='bbox 3670 3559 3822 3635; x_wconf 90' lang='lat' dir='ltr'><strong>eius</strong></span> <span class='ocrx_word' id='word_1_267' title='bbox 3872 3559 4132 3646; x_wconf 84' lang='lat' dir='ltr'><strong>laudis,</strong></span> 
     </span>
     <span class='ocr_line' id='line_1_26' title="bbox 1096 3676 4134 3779; baseline 0.001 -27"><span class='ocrx_word' id='word_1_268' title='bbox 1096 3676 1288 3775; x_wconf 91' lang='lat' dir='ltr'><strong>quod</strong></span> <span class='ocrx_word' id='word_1_269' title='bbox 1356 3676 1507 3776; x_wconf 91' lang='lat' dir='ltr'><strong>ipse</strong></span> <span class='ocrx_word' id='word_1_270' title='bbox 1580 3677 1893 3754; x_wconf 88' lang='lat' dir='ltr'><strong>omnium</strong></span> <span class='ocrx_word' id='word_1_271' title='bbox 1962 3678 2231 3775; x_wconf 89' lang='lat' dir='ltr'><strong>primus</strong></span> <span class='ocrx_word' id='word_1_272' title='bbox 2298 3681 2690 3758; x_wconf 87' lang='lat' dir='ltr'><strong>moniturus</strong></span> <span class='ocrx_word' id='word_1_273' title='bbox 2757 3687 2980 3768; x_wconf 89' lang='lat' dir='ltr'><strong>esset,</strong></span> <span class='ocrx_word' id='word_1_274' title='bbox 3051 3704 3213 3779; x_wconf 88' lang='lat' dir='ltr'><strong>pars</strong></span> <span class='ocrx_word' id='word_1_275' title='bbox 3275 3680 3510 3778; x_wconf 85' lang='lat' dir='ltr'><strong>aliqua</strong></span> <span class='ocrx_word' id='word_1_276' title='bbox 3571 3687 3644 3754; x_wconf 89' lang='lat' dir='ltr'><strong>et</strong></span> <span class='ocrx_word' id='word_1_277' title='bbox 3695 3680 3864 3754; x_wconf 86' lang='lat' dir='ltr'><strong>satis</strong></span> <span class='ocrx_word' id='word_1_278' title='bbox 3907 3680 4134 3777; x_wconf 87' lang='lat' dir='ltr'><strong>ampla</strong></span> 
     </span>
     <span class='ocr_line' id='line_1_27' title="bbox 1092 3783 4128 3898; baseline 0.001 -28"><span class='ocrx_word' id='word_1_279' title='bbox 1092 3795 1355 3874; x_wconf 86' lang='lat' dir='ltr'><strong>recidat</strong></span> <span class='ocrx_word' id='word_1_280' title='bbox 1418 3795 1495 3874; x_wconf 91' lang='lat' dir='ltr'><strong>in</strong></span> <span class='ocrx_word' id='word_1_281' title='bbox 1566 3795 1828 3895; x_wconf 82' lang='lat' dir='ltr'><strong>egregii</strong></span> <span class='ocrx_word' id='word_1_282' title='bbox 1893 3795 2109 3872; x_wconf 90' lang='lat' dir='ltr'><strong>huius</strong></span> <span class='ocrx_word' id='word_1_283' title='bbox 2150 3799 2279 3876; x_wconf 85' lang='lat' dir='ltr'><strong>viri</strong></span> <span class='ocrx_word' id='word_1_284' title='bbox 2316 3799 2460 3878; x_wconf 89' lang='lat' dir='ltr'><strong>iam</strong></span> <span class='ocrx_word' id='word_1_285' title='bbox 2505 3783 2832 3889; x_wconf 81' lang='lat' dir='ltr'><strong>amicos‚·</strong></span> <span class='ocrx_word' id='word_1_286' title='bbox 2866 3799 3195 3898; x_wconf 88' lang='lat' dir='ltr'><strong>eiusque,</strong></span> <span class='ocrx_word' id='word_1_287' title='bbox 3259 3807 3342 3875; x_wconf 93' lang='lat' dir='ltr'><strong>ut</strong></span> <span class='ocrx_word' id='word_1_288' title='bbox 3381 3799 3561 3887; x_wconf 89' lang='lat' dir='ltr'><strong>mei,</strong></span> <span class='ocrx_word' id='word_1_289' title='bbox 3611 3798 3825 3874; x_wconf 88' lang='lat' dir='ltr'><strong>duces</strong></span> <span class='ocrx_word' id='word_1_290' title='bbox 3873 3806 3944 3874; x_wconf 89' lang='lat' dir='ltr'><strong>et</strong></span> <span class='ocrx_word' id='word_1_291' title='bbox 3987 3823 4128 3872; x_wconf 85' lang='lat' dir='ltr'><strong>ma·</strong></span> 
     </span>
     <span class='ocr_line' id='line_1_28' title="bbox 1090 3913 4130 4016; baseline -0 -24"><span class='ocrx_word' id='word_1_292' title='bbox 1090 3913 1383 4014; x_wconf 89' lang='lat' dir='ltr'><strong>gistros,</strong></span> <span class='ocrx_word' id='word_1_293' title='bbox 1432 3915 1509 3990; x_wconf 89' lang='lat' dir='ltr'><strong>in</strong></span> <span class='ocrx_word' id='word_1_294' title='bbox 1546 3916 1855 3992; x_wconf 62' lang='lat' dir='ltr'><strong>Barnun</strong></span> <span class='ocrx_word' id='word_1_295' title='bbox 1873 3974 1896 4005; x_wconf 92' lang='lat'>,</span> <span class='ocrx_word' id='word_1_296' title='bbox 1946 3917 2436 4016; x_wconf 70' lang='lat' dir='ltr'><strong>Gnmunque</strong></span> <span class='ocrx_word' id='word_1_297' title='bbox 2479 3926 2552 3994; x_wconf 90' lang='lat' dir='ltr'><strong>et</strong></span> <span class='ocrx_word' id='word_1_298' title='bbox 2598 3921 3197 4002; x_wconf 63' lang='lat' dir='ltr'><strong>Pammaumuu</strong></span> <span class='ocrx_word' id='word_1_299' title='bbox 3214 3976 3234 4007; x_wconf 93' lang='lat'>‚</span> <span class='ocrx_word' id='word_1_300' title='bbox 3287 3943 3598 3996; x_wconf 90' lang='lat' dir='ltr'><strong>summos</strong></span> <span class='ocrx_word' id='word_1_301' title='bbox 3630 3919 3847 4006; x_wconf 84' lang='lat' dir='ltr'><strong>viros,</strong></span> <span class='ocrx_word' id='word_1_302' title='bbox 3883 3917 4130 3992; x_wconf 87' lang='lat' dir='ltr'><strong>deinde</strong></span> 
     </span>
     <span class='ocr_line' id='line_1_29' title="bbox 1089 4035 4126 4126; baseline 0 -16"><span class='ocrx_word' id='word_1_303' title='bbox 1089 4036 1169 4110; x_wconf 88' lang='lat' dir='ltr'><strong>in</strong></span> <span class='ocrx_word' id='word_1_304' title='bbox 1232 4035 1471 4114; x_wconf 88' lang='lat' dir='ltr'><strong>heroes</strong></span> <span class='ocrx_word' id='word_1_305' title='bbox 1526 4035 1695 4115; x_wconf 86' lang='lat' dir='ltr'><strong>istos</strong></span> <span class='ocrx_word' id='word_1_306' title='bbox 1758 4037 2147 4114; x_wconf 86' lang='lat' dir='ltr'><strong>remotioris</strong></span> <span class='ocrx_word' id='word_1_307' title='bbox 2204 4039 2391 4126; x_wconf 87' lang='lat' dir='ltr'><strong>aevi,</strong></span> <span class='ocrx_word' id='word_1_308' title='bbox 2452 4039 2526 4116; x_wconf 88' lang='lat' dir='ltr'><strong>in</strong></span> <span class='ocrx_word' id='word_1_309' title='bbox 2583 4040 3092 4118; x_wconf 63' lang='lat' dir='ltr'><strong>Cassunouux</strong></span> <span class='ocrx_word' id='word_1_310' title='bbox 3151 4045 3222 4114; x_wconf 89' lang='lat' dir='ltr'><strong>et</strong></span> <span class='ocrx_word' id='word_1_311' title='bbox 3279 4037 3757 4125; x_wconf 69' lang='lat' dir='ltr'><strong>Rammium,</strong></span> <span class='ocrx_word' id='word_1_312' title='bbox 3805 4036 3882 4111; x_wconf 89' lang='lat' dir='ltr'><strong>in</strong></span> <span class='ocrx_word' id='word_1_313' title='bbox 3917 4036 4126 4112; x_wconf 70' lang='lat' dir='ltr'><strong>Hau·</strong></span> 
     </span>
     <span class='ocr_line' id='line_1_30' title="bbox 1094 4157 4126 4263; baseline -0 -31"><span class='ocrx_word' id='word_1_314' title='bbox 1094 4177 1564 4263; x_wconf 56' lang='lat' dir='ltr'><strong>suentisium</strong></span> <span class='ocrx_word' id='word_1_315' title='bbox 1630 4163 1703 4232; x_wconf 89' lang='lat' dir='ltr'><strong>et</strong></span> <span class='ocrx_word' id='word_1_316' title='bbox 1736 4157 2411 4240; x_wconf 67' lang='lat' dir='ltr'><strong>,Vsncxnuasamu</strong></span> <span class='ocrx_word' id='word_1_317' title='bbox 2448 4167 2828 4248; x_wconf 85' lang='lat' dir='ltr'><strong>nostrates,</strong></span> <span class='ocrx_word' id='word_1_318' title='bbox 2873 4167 2948 4236; x_wconf 90' lang='lat' dir='ltr'><strong>et</strong></span> <span class='ocrx_word' id='word_1_319' title='bbox 2987 4181 3348 4234; x_wconf 87' lang='lat' dir='ltr'><strong>summum</strong></span> <span class='ocrx_word' id='word_1_320' title='bbox 3392 4157 3594 4235; x_wconf 88' lang='lat' dir='ltr'><strong>illum</strong></span> <span class='ocrx_word' id='word_1_321' title='bbox 3635 4159 4126 4242; x_wconf 66' lang='lat' dir='ltr'><strong>Gnouovmiu,</strong></span> 
     </span>
     <span class='ocr_line' id='line_1_31' title="bbox 1091 4273 4126 4377; baseline 0.001 -29"><span class='ocrx_word' id='word_1_322' title='bbox 1091 4273 1309 4350; x_wconf 89' lang='lat' dir='ltr'><strong>civem</strong></span> <span class='ocrx_word' id='word_1_323' title='bbox 1364 4275 1508 4352; x_wconf 88' lang='lat' dir='ltr'><strong>iam</strong></span> <span class='ocrx_word' id='word_1_324' title='bbox 1560 4299 1837 4364; x_wconf 88' lang='lat' dir='ltr'><strong>meum,</strong></span> <span class='ocrx_word' id='word_1_325' title='bbox 1898 4276 2099 4352; x_wconf 87' lang='lat' dir='ltr'><strong>cuius</strong></span> <span class='ocrx_word' id='word_1_326' title='bbox 2146 4277 2551 4369; x_wconf 66' lang='lat' dir='ltr'><strong>inlemrr</strong></span> <span class='ocrx_word' id='word_1_327' title='bbox 2610 4303 2820 4354; x_wconf 88' lang='lat' dir='ltr'><strong>suum</strong></span> <span class='ocrx_word' id='word_1_328' title='bbox 2841 4336 2864 4367; x_wconf 92' lang='lat'>,</span> <span class='ocrx_word' id='word_1_329' title='bbox 2927 4279 3054 4377; x_wconf 87' lang='lat' dir='ltr'><strong>qui</strong></span> <span class='ocrx_word' id='word_1_330' title='bbox 3109 4277 3285 4354; x_wconf 89' lang='lat' dir='ltr'><strong>mihi</strong></span> <span class='ocrx_word' id='word_1_331' title='bbox 3335 4278 3504 4352; x_wconf 89' lang='lat' dir='ltr'><strong>item</strong></span> <span class='ocrx_word' id='word_1_332' title='bbox 3549 4277 3622 4352; x_wconf 89' lang='lat' dir='ltr'><strong>in</strong></span> <span class='ocrx_word' id='word_1_333' title='bbox 3679 4276 3942 4352; x_wconf 89' lang='lat' dir='ltr'><strong>deliciis</strong></span> <span class='ocrx_word' id='word_1_334' title='bbox 3985 4285 4126 4361; x_wconf 84' lang='lat' dir='ltr'><strong>est,</strong></span> 
     </span>
    </p>
   </div>
   <div class='ocr_carea' id='block_1_3' title="bbox 1092 4393 4262 4496">
    <p class='ocr_par' dir='ltr' id='par_1_3' title="bbox 1092 4393 4262 4496">
     <span class='ocr_line' id='line_1_32' title="bbox 1092 4393 4262 4496; baseline -0 -26"><span class='ocrx_word' id='word_1_335' title='bbox 1092 4393 1637 4492; x_wconf 83' lang='lat' dir='ltr'><strong>praeclarissima</strong></span> <span class='ocrx_word' id='word_1_336' title='bbox 1694 4395 1975 4472; x_wconf 88' lang='lat' dir='ltr'><strong>inventa</strong></span> <span class='ocrx_word' id='word_1_337' title='bbox 2041 4422 2183 4496; x_wconf 90' lang='lat' dir='ltr'><strong>quo</strong></span> <span class='ocrx_word' id='word_1_338' title='bbox 2239 4409 2353 4476; x_wconf 84' lang='lat' dir='ltr'><strong>me</strong></span> <span class='ocrx_word' id='word_1_339' title='bbox 2419 4398 2651 4476; x_wconf 87' lang='lat' dir='ltr'><strong>animo</strong></span> <span class='ocrx_word' id='word_1_340' title='bbox 2699 4396 2996 4474; x_wconf 87' lang='lat' dir='ltr'><strong>censetis</strong></span> <span class='ocrx_word' id='word_1_341' title='bbox 3037 4421 3128 4472; x_wconf 83' lang='lat' dir='ltr'><strong>ex</strong></span> <span class='ocrx_word' id='word_1_342' title='bbox 3171 4396 3310 4473; x_wconf 86' lang='lat' dir='ltr'><strong>ista</strong></span> <span class='ocrx_word' id='word_1_343' title='bbox 3357 4395 3684 4472; x_wconf 86' lang='lat' dir='ltr'><strong>cathedra</strong></span> <span class='ocrx_word' id='word_1_344' title='bbox 3727 4403 4124 4482; x_wconf 79' lang='lat' dir='ltr'><strong>retractare,</strong></span> <span class='ocrx_word' id='word_1_345' title='bbox 4249 4480 4262 4490; x_wconf 46' lang='lat'>‚</span> 
     </span>
    </p>
   </div>
   <div class='ocr_carea' id='block_1_4' title="bbox 1088 4515 4220 4862">
    <p class='ocr_par' dir='ltr' id='par_1_4' title="bbox 1088 4515 4220 4862">
     <span class='ocr_line' id='line_1_33' title="bbox 1090 4515 4122 4616; baseline -0.001 -25"><span class='ocrx_word' id='word_1_346' title='bbox 1090 4536 1272 4610; x_wconf 83' lang='lat' dir='ltr'><strong>quae</strong></span> <span class='ocrx_word' id='word_1_347' title='bbox 1320 4521 1480 4612; x_wconf 87' lang='lat' dir='ltr'><strong>post</strong></span> <span class='ocrx_word' id='word_1_348' title='bbox 1526 4516 1803 4616; x_wconf 85' lang='lat' dir='ltr'><strong>longam</strong></span> <span class='ocrx_word' id='word_1_349' title='bbox 1840 4515 2203 4594; x_wconf 85' lang='lat' dir='ltr'><strong>doctorum</strong></span> <span class='ocrx_word' id='word_1_350' title='bbox 2244 4517 2494 4596; x_wconf 85' lang='lat' dir='ltr'><strong>seriem</strong></span> <span class='ocrx_word' id='word_1_351' title='bbox 2527 4518 2705 4602; x_wconf 86' lang='lat' dir='ltr'><strong>mihi</strong></span> <span class='ocrx_word' id='word_1_352' title='bbox 2739 4517 2881 4594; x_wconf 86' lang='lat' dir='ltr'><strong>iam</strong></span> <span class='ocrx_word' id='word_1_353' title='bbox 2915 4525 3060 4594; x_wconf 86' lang='lat' dir='ltr'><strong>tam</strong></span> <span class='ocrx_word' id='word_1_354' title='bbox 3099 4515 3359 4616; x_wconf 88' lang='lat' dir='ltr'><strong>dispari</strong></span> <span class='ocrx_word' id='word_1_355' title='bbox 3391 4516 3674 4594; x_wconf 88' lang='lat' dir='ltr'><strong>domino</strong></span> <span class='ocrx_word' id='word_1_356' title='bbox 3711 4515 3966 4590; x_wconf 83' lang='lat' dir='ltr'><strong>tradita</strong></span> <span class='ocrx_word' id='word_1_357' title='bbox 3997 4523 4122 4588; x_wconf 87' lang='lat' dir='ltr'><strong>est.</strong></span> 
     </span>
     <span class='ocr_line' id='line_1_34' title="bbox 1187 4631 4220 4735; baseline 0.001 -29"><span class='ocrx_word' id='word_1_358' title='bbox 1187 4631 1329 4712; x_wconf 84' lang='lat' dir='ltr'><strong>Sed</strong></span> <span class='ocrx_word' id='word_1_359' title='bbox 1390 4634 1651 4714; x_wconf 87' lang='lat' dir='ltr'><strong>almum</strong></span> <span class='ocrx_word' id='word_1_360' title='bbox 1718 4635 1907 4735; x_wconf 81' lang='lat' dir='ltr'><strong>rapit</strong></span> <span class='ocrx_word' id='word_1_361' title='bbox 1961 4637 2151 4716; x_wconf 85' lang='lat' dir='ltr'><strong>hora.</strong></span> <span class='ocrx_word' id='word_1_362' title='bbox 2186 4638 2371 4716; x_wconf 90' lang='lat' dir='ltr'><strong>diem</strong></span> <span class='ocrx_word' id='word_1_363' title='bbox 2395 4693 2416 4726; x_wconf 88' lang='lat'>‚</span> <span class='ocrx_word' id='word_1_364' title='bbox 2465 4646 2539 4713; x_wconf 87' lang='lat' dir='ltr'><strong>et</strong></span> <span class='ocrx_word' id='word_1_365' title='bbox 2587 4638 2666 4714; x_wconf 90' lang='lat' dir='ltr'><strong>id</strong></span> <span class='ocrx_word' id='word_1_366' title='bbox 2717 4632 3280 4731; x_wconf 68' lang='lat' dir='ltr'><strong>commonefacit,</strong></span> <span class='ocrx_word' id='word_1_367' title='bbox 3329 4637 3717 4724; x_wconf 84' lang='lat' dir='ltr'><strong>auditores,</strong></span> <span class='ocrx_word' id='word_1_368' title='bbox 3768 4659 3860 4710; x_wconf 89' lang='lat' dir='ltr'><strong>ne</strong></span> <span class='ocrx_word' id='word_1_369' title='bbox 3907 4643 4124 4710; x_wconf 77' lang='lat' dir='ltr'><strong>vestra</strong></span> <span class='ocrx_word' id='word_1_370' title='bbox 4213 4665 4220 4672; x_wconf 84' lang='lat'><strong>·</strong></span> 
     </span>
     <span class='ocr_line' id='line_1_35' title="bbox 1088 4751 4127 4862; baseline -0 -35"><span class='ocrx_word' id='word_1_371' title='bbox 1088 4751 1423 4848; x_wconf 84' lang='lat' dir='ltr'><strong>patientia</strong></span> <span class='ocrx_word' id='word_1_372' title='bbox 1442 4810 1463 4844; x_wconf 86' lang='lat'><em>,</em></span> <span class='ocrx_word' id='word_1_373' title='bbox 1513 4761 1585 4832; x_wconf 92' lang='lat' dir='ltr'><strong>et</strong></span> <span class='ocrx_word' id='word_1_374' title='bbox 1620 4754 2087 4862; x_wconf 75' lang='lat' dir='ltr'><strong>intentissima</strong></span> <span class='ocrx_word' id='word_1_375' title='bbox 2135 4757 2451 4859; x_wconf 86' lang='lat' dir='ltr'><strong>mihique</strong></span> <span class='ocrx_word' id='word_1_376' title='bbox 2500 4759 2893 4858; x_wconf 83' lang='lat' dir='ltr'><strong>&#39;gratissima</strong></span> <span class='ocrx_word' id='word_1_377' title='bbox 2947 4758 3164 4838; x_wconf 84' lang='lat' dir='ltr'><strong>animi</strong></span> <span class='ocrx_word' id='word_1_378' title='bbox 3215 4757 3594 4842; x_wconf 74' lang='lat' dir='ltr'><strong>attentione</strong></span> <span class='ocrx_word' id='word_1_379' title='bbox 3638 4755 3824 4832; x_wconf 79' lang='lat' dir='ltr'><strong>iusto</strong></span> <span class='ocrx_word' id='word_1_380' title='bbox 3861 4751 4127 4828; x_wconf 84' lang='lat' dir='ltr'><strong>diutius</strong></span> 
     </span>
    </p>
   </div>
   <div class='ocr_carea' id='block_1_5' title="bbox 4644 1750 4675 5434">
    <p class='ocr_par' dir='ltr' id='par_1_5' title="bbox 4644 1750 4675 5434">
     <span class='ocr_line' id='line_1_36' title="bbox 4644 1750 4675 5434; baseline 0 0"><span class='ocrx_word' id='word_1_381' title='bbox 4644 1750 4675 5434; x_wconf 95' lang='lat' dir='ltr'><strong> </strong></span> 
     </span>
    </p>
   </div>
  </div>
 </body>
</html>
