4766 6034
1128 622 1219 690 20
2200 622 2266 687 F.
2350 623 2431 687 G.
2513 622 3145 707 KRIEGER,

1133 838 1348 906 artem
1371 886 1392 917 ,
1429 827 1740 905 nondum
1783 827 2252 929 excogitatum
2295 836 2404 905 est
2437 830 2732 907 alterum
2770 838 3071 931 systema
3084 890 3105 921 ,
3149 854 3290 930 quo
3334 830 3525 910 irrita
3559 833 3740 912 facta
3782 837 3874 913 sit
3914 863 4127 940 opera
4152 898 4179 928 ‚

1131 973 1345 1049 quam
1397 947 1471 1023 in
1519 947 1924 1048 gravissima
1969 973 2044 1023 re
2088 956 2413 1049 posuerat
2462 950 2567 1025 vir
2610 950 2686 1024 in
2729 950 2969 1051 paucis
3020 956 3344 1023 strenuus
3392 958 3465 1023 et
3508 950 3907 1031 laboriosus.

1221 1069 1650 1145 Praeclaram
1691 1068 1990 1143 vidimus
2035 1076 2105 1143 et
2161 1068 2566 1145 duraturam
2618 1071 3145 1147 Smannnnnxn
3163 1128 3184 1159 ,
3250 1068 3775 1171 orthographiae
3826 1076 4175 1151 Neerlan-

1128 1188 1320 1263 dicae
1363 1188 1842 1265 instauratoris
1861 1248 1882 1278 ,
1935 1214 2085 1264 esse
2127 1189 2433 1264 laudem.
2510 1190 2661 1266 Nec
2708 1198 2941 1265 tamen
2982 1188 3056 1263 in
3086 1190 3611 1266 constituendae
3638 1193 3915 1295 linguae
3942 1196 4179 1270 forma

1034 1342 1040 1347 ·
1127 1316 1198 1383 et
1272 1317 1632 1409 tamquam
1696 1309 2124 1385 resarcienda
2190 1316 2379 1385 veste
2438 1309 2781 1409 acquievit
2799 1368 2819 1399 ,
2890 1309 3014 1384 sed
3079 1308 3154 1383 in
3224 1309 3543 1386 intimam
3612 1312 3762 1388 eius
3826 1316 4181 1391 officinam

1124 1430 1516 1529 pervenisse
1575 1430 1864 1529 eiusque
1925 1430 2230 1505 indolem
2281 1456 2354 1505 se
2401 1432 2682 1530 penitus
2723 1428 3157 1530 perspexisse
3201 1429 3443 1505 multis
3488 1432 3805 1531 probavit
3854 1436 4137 1535 scriptis
4156 1494 4179 1523 ,

1055 1600 1064 1609 ·
1125 1576 1424 1650 quorum
1496 1549 1758 1651 duplex
1813 1550 2154 1649 imprimis
2205 1559 2352 1625 erat
2400 1551 2582 1627 finis.
2682 1550 2785 1622 Ut
2837 1548 3024 1625 enim
3084 1549 3583 1626 demonstraret
3630 1556 4121 1653 praestantiam
4148 1614 4173 1643 ,

1126 1672 1536 1771 elegantiam
1563 1731 1583 1760 ,
1635 1671 2026 1747 ubertatem
2069 1672 2403 1746 sermonis
2443 1670 2695 1759 nostri,
2748 1670 2871 1769 qui
2919 1677 2990 1744 et
3032 1668 3258 1769 poetis
3310 1678 3383 1745 et
3430 1696 3673 1771 prosae
3724 1675 4182 1774 scriptoribus

1127 1792 1477 1893 egregiam
1516 1790 1875 1891 praeberet
1913 1791 2268 1866 materiem
2289 1850 2308 1879 ,
2353 1783 2493 1890 qua
2530 1788 2918 1889 exprimant
2963 1787 3137 1886 quid
3182 1788 3559 1863 sensissent
3602 1799 3674 1865 et
3715 1792 4180 1891 cogitassent,

1123 1914 1224 1987 ita
1269 1913 1580 1987 eiusdem
1621 1911 2090 2012 integritatem
2127 1920 2198 1985 et
2239 1910 2627 1985 castitatem
2662 1908 3030 1983 vindicavit
3070 1907 3163 1995 ab
3202 1932 3437 1983 eorum
3484 1911 3959 1987 conaminibus
3979 1972 3999 2001 ,
4044 1914 4181 2012 qui

1123 2032 1435 2108 barbaris
1503 2032 1788 2107 vocibus
1861 2040 1934 2106 et
2001 2031 2406 2133 alienigenis
2474 2030 2748 2106 dulcem
2816 2027 3158 2105 maiorum
3224 2052 3613 2104 sermonem
3680 2030 4041 2131 inquinare
4102 2040 4181 2107 et

1123 2152 1507 2229 adulterare
1552 2153 1974 2231 nitebantur.

1219 2273 1366 2353 Qui
1419 2282 1562 2349 tam
1617 2281 1931 2349 accurate
1984 2272 2295 2373 linguam
2361 2282 2644 2350 noverat
2704 2273 3124 2374 linguaeque
3187 2271 3581 2368 historiam,
3652 2298 3813 2348 eum
3883 2299 4012 2374 par
4064 2284 4179 2349 est

1119 2392 1504 2467 litterarum
1551 2391 1908 2467 historiam
1958 2392 2149 2468 haud
2194 2394 2429 2468 minus
2482 2393 2809 2469 habuisse
2856 2394 2928 2465 in
2977 2399 3361 2467 numerato,
3467 2393 3965 2494 Compluribus
4006 2420 4177 2471 sane

1119 2514 1711 2588 Smennnnnmus
1771 2504 2266 2591 demonstravit
2324 2514 2741 2589 doctissimis
2787 2512 2983 2587 libris
3026 2511 3101 2585 in
3147 2509 3277 2585 hac
3324 2536 3604 2611 quoque
3642 2522 3837 2613 parte
3879 2538 4175 2615 regnare

1119 2657 1195 2707 se
1231 2642 1305 2707 et
1341 2632 1654 2707 habitare
1677 2691 1698 2721 ,
1755 2657 1976 2731 quum
2028 2642 2469 2734 componeret
2515 2637 2899 2709 litterarum
2923 2634 3323 2728 patr-iarum
3368 2636 3689 2732 synopsin
3741 2636 4131 2709 historicam
4152 2694 4173 2722 ,

1121 2778 1344 2852 quum
1412 2752 1758 2828 indefessa
1817 2744 2160 2828 industria
2226 2778 2463 2830 eorum
2516 2754 2789 2830 adesset
2840 2750 3321 2827 conaminibus
3342 2808 3362 2839 ,
3414 2753 3539 2851 qui
3588 2753 3980 2852 antiquiora
4028 2778 4171 2827 ser-

1035 2960 1052 2975 ·
1117 2873 1347 2947 monis
1416 2872 1857 2949 Neerlandici
1926 2881 2380 2949 monumenta
2454 2874 2543 2950 ab
2616 2872 2961 2950 oblivione
3038 2870 3481 2947 vindicabant
3498 2931 3519 2962 ,
3610 2897 3831 2971 quum
3901 2874 4175 2974 primus

1118 2993 1366 3070 talium
1407 3019 1640 3071 rerum
1691 2993 2022 3070 studiosis
2086 2994 2176 3070 ad
2226 3001 2409 3072 recte
2454 2993 3005 3096 cognoscendam
3070 2990 3326 3068 saeculi
3373 2992 3624 3070 decimi
3668 2994 3945 3097 septimi
3984 2994 4169 3070 litte-

1119 3141 1357 3190 rarum
1413 3114 1769 3191 historiam
1833 3115 2017 3191 viam
2071 3117 2376 3192 muniret
2394 3176 2414 3207 ,
2485 3143 2709 3217 quum
2764 3116 2856 3192 ad
2918 3115 3205 3190 intimae
3252 3113 3534 3215 liuguae
3581 3115 3870 3191 notitiae
3888 3175 3909 3206 ,
3976 3141 4167 3190 sum-

1112 3261 1270 3312 mae
1335 3236 1598 3335 ingenii
1671 3235 2052 3336 elegantiae
2071 3296 2092 3327 ,
2156 3238 2571 3338 proprieque
2634 3235 3068 3336 eloquentiae
3136 3233 3358 3310 facem
3424 3235 3799 3312 Vonnnnn
3818 3295 3838 3324 ,
3910 3237 4167 3311 Carsu

1117 3357 1548 3456 aliorumque
1594 3357 1974 3432 multorum
2023 3366 2385 3458 poetarum
2434 3358 2741 3433 carmina
2776 3357 3160 3440 illustraret
3208 3362 3279 3428 et
3328 3354 3720 3453 explicaret.

1211 3476 1332 3550 Ad
1410 3476 1670 3576 duplex
1743 3501 1953 3577 supra
2029 3476 2331 3553 vidimus
2400 3500 2563 3550 eum
2584 3535 2603 3564 ‚
2670 3473 3051 3550 Academia
3114 3471 3495 3548 instaurata
3514 3532 3535 3563 ,
3618 3498 3881 3550 munus
3948 3473 4165 3550 fuisse

1089 3603 1434 3670 'vocatum
1454 3655 1474 3685 ,
1525 3597 1783 3672 scilicet
1830 3604 1912 3672 ut
1952 3606 2025 3672 et
2067 3597 2329 3673 litteras
2375 3597 2634 3697 patrias
2678 3603 2749 3669 et
2790 3594 3054 3693 patriae
3096 3593 3455 3668 historiam
3497 3594 3885 3672 studiosam
3923 3595 4164 3670 iuven-

1115 3723 1344 3790 tutem
1406 3716 1701 3792 doceret.
1810 3718 2034 3794 Alteri
2103 3718 2313 3793 officii
2379 3717 2559 3817 parti
2628 3723 3054 3816 quantopere
3116 3738 3242 3814 par
3296 3713 3505 3790 fuerit
3550 3716 3769 3790 modo
3822 3716 4165 3806 vidimus;

1119 3836 1244 3911 sed
1316 3837 1433 3910 vix
1493 3837 1726 3912 minus
1781 3837 1859 3912 in
1922 3837 2206 3912 historia
2273 3837 2610 3913 tradenda
2670 3837 2821 3912 eius
2889 3836 3026 3910 fuit
3074 3819 3251 3910 laus.
3354 3834 3641 3910 Adsunt
3692 3835 3882 3912 enim
3926 3861 4161 3911 rerum

1115 3956 1512 4032 testimonia
1571 3955 1917 4033 uberrima
1937 4017 1956 4046 ,
2025 3946 2141 4034 eas
2202 3982 2481 4058 quoque
2532 3957 2795 4058 ingenii
2852 3957 3049 4031 dotes
3073 4015 3092 4043 ,
3163 3955 3310 4030 sine
3335 3956 3624 4060 *quibus
3680 3981 3887 4034 nemo
3930 3965 4165 4057 potest

1123 4099 1273 4151 esse
1345 4100 1578 4152 rerum
1649 4077 1937 4176 scriptor
1954 4137 1974 4166 ,
2044 4104 2086 4153 a
2127 4077 2432 4179 benigna
2487 4084 2737 4152 natura
2795 4075 2861 4149 ei
2913 4074 3128 4149 fuisse
3172 4075 3453 4174 largiter
3500 4076 3905 4176 impertitas.
4004 4080 4119 4152 Ite
4140 4137 4163 4166 ,

1115 4195 1530 4273 Auditores!
1582 4197 2023 4273 admiramini
2057 4198 2188 4273 viri
2231 4198 2593 4299 ingenium
2631 4204 2841 4295 atque
2886 4194 3256 4270 sollertiam
3273 4253 3294 4284 ,
3344 4195 3486 4270 sive
3530 4197 3761 4296 legitis
3803 4197 4163 4272 historiam

1114 4316 1646 4392 Neerlandicam
1691 4342 1899 4417 quam
1953 4318 2224 4418 scripsit
2263 4319 2429 4394 inde
2462 4319 2553 4394 ab
2594 4317 2793 4392 initio
2815 4315 3195 4414 Dynastiae
3229 4317 3721 4416 Burgundicae
3742 4376 3763 4407 ,
3802 4318 3941 4392 sive
3973 4319 4159 4394 evol-

1113 4436 1274 4512 vitis
1333 4438 1588 4514 librum
1649 4465 1789 4538 quo
1849 4439 2107 4514 civium
2171 4450 2595 4515 armatorum
2647 4462 2757 4512 res
2801 4443 3035 4536 gestas
3080 4436 3439 4526 describit,
3490 4437 3632 4512 sive
3676 4461 4159 4536 quaecumque

1114 4557 1306 4631 ferax
1355 4559 1504 4632 eius
1551 4568 1623 4633 et
1669 4559 1835 4633 felix
1881 4560 2244 4660 ingenium
2287 4562 2571 4637 enixum
2619 4568 2726 4636 est
2780 4583 2907 4633 suo
2956 4556 3283 4656 quodque
3339 4557 3486 4632 loco
3536 4565 3609 4631 et
3655 4557 4033 4659 pretiosum
4080 4569 4159 4632 et

1119 4676 1420 4775 elegans.
1518 4679 1765 4778 Legite
1832 4678 2168 4758 disertum
2234 4681 2742 4756 WAenNAAnu
2809 4675 3112 4776 elogium
3133 4733 3155 4765 ,
3221 4683 3305 4750 ut
3371 4675 3660 4752 videatis
3708 4701 3943 4751 verum
3997 4701 4157 4752 esse

1120 4797 1307 4896 quod
1362 4798 1450 4874 de
1497 4799 2044 4876 Srnesnnnnmo
2103 4801 2427 4880 historico
2482 4799 2773 4876 tulimus
2822 4795 3159 4874 iudicium
3178 4853 3199 4886 ‚
3265 4797 3474 4897 legite
3525 4799 3851 4876 laconas
3898 4797 4154 4876 Rava-
