4766 6034
1180 611 1309 678 160
2294 612 2373 678 G.
2451 613 3102 682 J.MUL1)ER

1176 820 1349 895 sime
1416 817 1908 896 Summanus-l
1983 819 2185 921 cujus
2257 822 2787 922 septuagenaria
2855 823 2996 898 vita
3052 822 3260 899 series
3317 823 3634 899 laborum
3695 831 3767 900 et
3821 827 4208 927 vigiliarum

1114 1047 1121 1052 .
1176 939 1330 1015 fuit.
1455 939 1565 1015 'I'u
1626 939 1775 1039 apis
1839 939 2058 1016 instar
2116 941 2317 1016 flores
2376 940 2805 1042 ubicumque
2866 941 3104 1018 obvios
3164 943 3478 1020 delibans
3492 1003 3513 1035 ‚
3577 946 3780 1021 mella
3828 948 4207 1048 collegisti,

1064 1119 1073 1128 .
1174 1083 1315 1133 non
1378 1059 1507 1133 tibi
1574 1059 1665 1134 ad
1721 1059 2097 1136 fruendum
2144 1068 2486 1138 reservata
2505 1120 2526 1150 ‚
2578 1061 2702 1137 sed
2745 1061 2818 1137 in
2867 1062 3095 1139 alveos
3144 1072 3468 1164 congesta
3487 1124 3508 1154 ‚
3557 1067 3744 1141 unde
3795 1091 4006 1167 quam
4052 1069 4206 1166 plu-

1174 1180 1333 1254 rimi
1380 1179 1681 1256 fructum
1732 1205 1819 1254 ex
1866 1181 1951 1255 iis
2002 1206 2244 1281 capere
2294 1189 2594 1281 possent.

1272 1300 1413 1375 Sed
1461 1301 1803 1376 industria
1853 1301 1976 1376 tua
2024 1302 2246 1401 major
2286 1301 2424 1376 fuit
2470 1302 2884 1402 benignitas,
2987 1303 3096 1378 'I'u
3139 1304 3541 1404 praestitisti
3586 1312 3657 1380 te
3709 1306 4035 1381 orborum
4084 1332 4206 1406 pa-

1170 1429 1347 1495 trem
1369 1480 1389 1510 ,
1460 1421 1825 1495 viduarum
1891 1428 2263 1520 patronum
2286 1479 2306 1509 ,
2374 1421 2834 1496 moerentium
2908 1421 3424 1498 consolatorem.
3547 1424 3740 1496 Inter
3803 1431 3908 1498 tot
3973 1433 4206 1500 autem

1169 1547 1537 1638 tantasque
1613 1565 1811 1616 curas
1897 1550 1968 1615 et
2049 1540 2316 1616 labores
2394 1540 2669 1636 assidue
2747 1540 3128 1616 medicinae
3195 1542 3328 1616 arti
3397 1565 3688 1641 operans
3711 1602 3731 1631 ,
3806 1543 4208 1620 innumeros

1169 1661 1485 1743 homines
1542 1686 1673 1759 ope
1720 1669 1844 1736 tua
1886 1662 2170 1762 juvisti,
2222 1667 2628 1760 tantamque
2680 1661 2976 1759 adeptus
3019 1685 3094 1735 es
3145 1660 3401 1736 famam
3460 1669 3531 1737 et
3587 1663 4160 1740 existimationem
4183 1726 4205 1754 ,

1168 1788 1250 1855 ut
1290 1782 1473 1856 inter
1517 1783 1860 1882 principes
1912 1783 2173 1882 patriae
2213 1789 2487 1856 nostrae
2531 1781 2834 1856 medicos
2878 1805 3133 1856 nomen
3183 1782 3417 1856 Tuum
3467 1781 3754 1859 eluceat.

1264 1902 1578 2001 Denique
1601 1961 1622 1991 ‚
1672 1903 1875 2002 quasi
1920 1909 2025 1977 tot
2072 1910 2406 2000 tantaque
2452 1901 2698 1975 merita
2751 1925 2893 1976 non
2939 1902 3364 1990 sufficerent,
3413 1905 3738 1978 cumulus
3789 1903 3896 1978 iis
3921 1907 4208 1980 accessit

1167 2023 1585 2098 Academica
1636 2031 1759 2098 tua
1818 2023 2185 2098 institutio,
2244 2023 2347 2095 ·E
2400 2029 2526 2096 tua
2586 2021 2816 2096 schola
2883 2020 3162 2121 plurimi
3227 2021 3632 2120 prodierunt
3697 2023 4012 2122 germani
4064 2025 4204 2098 Ae-

1172 2142 1461 2242 sculapii
1523 2142 1685 2232 filii,
1754 2143 1877 2243 qui
1928 2143 2343 2244 magistrum
2400 2166 2607 2216 suum
2656 2140 2984 2216 aemulati
3031 2140 3240 2215 urbes
3288 2149 3358 2216 et
3409 2141 3592 2217 vicos
3636 2142 4069 2218 circumeunt
4121 2151 4203 2218 ut

1169 2263 1641 2338 laborantibus
1684 2264 1997 2339 levamen
2022 2323 2040 2352 ‚
2090 2261 2642 2363 periclitantibus
2694 2263 2986 2337 salutem
3039 2261 3347 2336 afferant.

1263 2384 1554 2458 Utinam
1619 2409 1895 2483 possem
1920 2443 1940 2472 ,
2010 2385 2398 2458 venerande
2469 2383 2716 2458 senex!
2793 2381 2890 2456 sic
2957 2388 3028 2456 te
3099 2381 3381 2458 laudare
3401 2439 3421 2468 ,
3501 2388 3581 2454 ut
3656 2381 3930 2455 animus
4003 2407 4205 2456 meus

1165 2501 1419 2602 gestit,
1483 2509 1692 2599 atque
1754 2526 2076 2577 coronam
2122 2501 2255 2576 tibi
2305 2509 2579 2576 nectere
2624 2500 2890 2575 meritis
2927 2501 3069 2574 tuis
3117 2498 3441 2598 dignam!
3520 2500 3658 2574 Sed
3704 2524 3833 2576 nec
3879 2509 4004 2576 tua
4055 2527 4205 2576 mo-

1165 2622 1387 2696 destia
1450 2647 1579 2696 nec
1645 2622 1787 2696 mei
1854 2646 2079 2695 mores
2142 2647 2257 2696 me
2316 2622 2555 2695 sinunt
2612 2621 2711 2696 Te
2769 2622 3000 2720 palam
3057 2619 3296 2694 efferre
3364 2619 3449 2694 iis
3516 2619 3842 2696 laudibus
3860 2678 3881 2709 ,
3947 2622 4206 2720 quibus

1163 2767 1405 2816 omnes
1454 2741 1660 2816 tacite
1710 2741 2001 2816 virtutes
2052 2749 2207 2816 tuas
2254 2741 2612 2815 honorant.

1258 2862 1746 2938 Praestabilior
1791 2885 1948 2935 vero
1994 2861 2185 2936 omni
2232 2861 2438 2936 laude
2498 2867 2604 2935 est
2649 2860 2831 2960 grati
2877 2860 3092 2936 animi
3143 2885 3389 2936 sensus
3408 2919 3429 2949 ‚
3481 2885 3690 2959 quem
3735 2887 3876 2937 non
3917 2887 4202 2962 possum

1159 3007 1301 3058 non
1361 2984 1589 3083 palam
1660 2981 1790 3057 tibi
1850 2982 2109 3057 testari.
2210 2982 2546 3057 Profiteor
2614 3006 2728 3057 me
2788 3005 3009 3057 unum
3071 3007 3110 3057 e
3177 2981 3530 3084 discipulis
3590 2982 3730 3057 tuis
3753 3042 3772 3073 ,
3840 3007 4064 3059 unum
4115 3008 4206 3059 ex

1162 3130 1400 3181 eorum
1471 3129 1762 3179 numero
1783 3162 1804 3194 ‚
1856 3103 1978 3203 qui
2028 3102 2087 3177 si
2135 3102 2309 3203 quid
2354 3103 2527 3178 boni
2581 3103 2688 3178 vel
2736 3102 3021 3177 fecerint
3072 3102 3179 3178 vel
3216 3103 3293 3179 in
3337 3110 3694 3202 posterum
3731 3102 3984 3179 facturi
4023 3104 4161 3178 sint
4180 3162 4203 3192 ,

1158 3224 1233 3298 id
1295 3248 1435 3297 non
1490 3224 1779 3299 minima
1839 3249 1964 3323 pro
2028 3229 2225 3322 parte
2293 3222 2427 3297 tibi
2494 3248 2567 3297 se
2622 3222 2871 3297 debere
2926 3231 3331 3323 agnoscunt.
3433 3223 3728 3297 Nullum
3783 3223 3999 3323 igitur
4048 3224 4201 3299 dul-

1160 3346 1307 3420 cius
1351 3343 1524 3418 mihi
1570 3370 1718 3419 esse
1764 3352 1995 3445 potest
2045 3343 2383 3432 officium,
2437 3367 2650 3447 quam
2695 3342 2896 3432 Tibi,
2943 3343 3068 3442 qui
3125 3368 3334 3417 senex
3370 3342 3660 3442 juvenili
3711 3344 3940 3420 adhuc
3981 3344 4206 3444 pulcri

1158 3466 1464 3563 bonique
1518 3464 1758 3539 ardore
1806 3466 1985 3539 cales
2005 3523 2024 3554 ,
2094 3464 2355 3539 sincero
2408 3463 2640 3538 animo
2688 3462 3018 3562 gratulari
3039 3522 3060 3553 ‚
3111 3470 3182 3537 et
3231 3462 3545 3536 omnium
3589 3464 3869 3538 nomine
3890 3523 3910 3552 ,
3958 3465 4084 3564 qui
4129 3472 4200 3537 te

1047 3658 1083 3685 ,
1158 3594 1448 3684 patrono
1514 3594 1585 3660 et
1652 3585 1985 3685 magistro
2055 3584 2163 3658 usi
2230 3591 2394 3657 sunt
2413 3641 2432 3671 ,
2496 3582 2758 3681 precari
2777 3641 2797 3671 ,
2869 3591 2948 3656 ut
3023 3584 3209 3658 Deus
3275 3588 3700 3657 senectutem
3771 3590 3968 3658 tuam
4039 3583 4200 3657 beet

1162 3712 1421 3802 tuaque
1470 3704 1543 3778 in
1595 3704 1764 3778 alios
1812 3702 2185 3804 promerita
2232 3702 2422 3801 large
2469 3702 2982 3777 remuneretur-l

1259 3824 1703 3922 Tranquillus
1766 3824 1997 3899 fruare
2064 3822 2206 3897 otio
2267 3822 2400 3897 tibi
2469 3846 2788 3898 concesso
2808 3881 2827 3911 ‚
2891 3830 2972 3897 ut
3043 3830 3362 3898 senectus
3382 3882 3402 3911 ,
3467 3822 3599 3898 tibi
3665 3822 3754 3897 sit
3815 3829 4061 3923 portus
4125 3824 4198 3896 in

1161 3969 1300 4042 quo
1350 3946 1739 4043 requiescas
1784 3944 1874 4019 ab
1920 3944 2269 4019 aerumnis
2310 3950 2382 4017 et
2425 3942 2978 4042 aegritudinibus
2998 4000 3018 4030 ,
3068 3943 3324 4042 quibus
3368 3942 3510 4018 vita
3549 3950 3672 4017 tua
3716 3942 3850 4017 fuit
3891 3942 4193 4017 obsessa.

1162 4065 1357 4145 Quot
1375 4125 1395 4155 ,
1468 4066 1679 4141 eheu!
1748 4064 1994 4141 acerba
2052 4064 2192 4139 fata
2212 4122 2230 4151 ,
2296 4069 2468 4161 quot
2514 4061 2879 4137 frustratae
2929 4086 3085 4162 spes
3102 4119 3122 4152 ‚
3174 4072 3345 4164 quot
3397 4064 3639 4139 anxiae
3698 4061 4196 4137 sollicitudines

1158 4187 1469 4263 animum
1533 4194 1737 4261 tuum
1806 4184 2234 4261 afflixerunt!
2317 4182 2560 4257 Tantis
2626 4206 2784 4257 vero
2842 4183 3044 4259 malis
3098 4186 3210 4259 Tu
3260 4184 3526 4259 fortiter
3577 4182 3926 4270 restitisti,
3976 4181 4198 4255 fretus

1157 4308 1489 4383 nimirum
1541 4307 1781 4384 altiore
1827 4305 1946 4381 illo
1990 4303 2332 4405 praesidio
2352 4362 2371 4393 ,
2413 4284 2500 4377 ,in
2555 4328 2694 4403 quo
2742 4305 3050 4403 optimus
3101 4304 3398 4404 quisque
3441 4327 3718 4377 omnem
3762 4312 3992 4377 rerum
4037 4325 4193 4374 sua-

1156 4453 1313 4504 rum
1379 4454 1573 4527 spem
1635 4427 1848 4503 habet
1913 4425 2308 4526 repositam.
2409 4422 2568 4498 Hoc
2630 4423 2970 4523 praesidio
3029 4424 3246 4499 fultus
3309 4424 3479 4497 vivis
3535 4431 3606 4497 et
3665 4422 3848 4497 vales
3895 4429 3968 4495 et
4013 4421 4196 4495 inter

1156 4571 1285 4621 nos
1354 4546 1637 4621 versaris
1658 4606 1679 4635 ‚
1745 4543 2115 4646 egentibus
2168 4534 2370 4644 op'em
2389 4603 2409 4632 ,
2471 4543 2940 4619 moerentibus
2985 4544 3304 4619 solatium
3325 4601 3345 4634 ‚
3397 4542 3945 4642 periclitantibus
3995 4539 4189 4615 auxi-

1159 4666 1334 4741 lium
1382 4664 1693 4742 afferens

1254 4785 1535 4862 Placida
1598 4784 1688 4860 sit
1752 4793 1878 4861 tua
1934 4791 2251 4860 senectus
2270 4842 2289 4872 ‚
2352 4782 2544 4858 velut
2603 4805 2840 4859 serena
2894 4805 3173 4882 vespera
3220 4794 3378 4884 post
3426 4784 3782 4860 ardentem
3833 4781 3994 4857 solis
4039 4804 4190 4854 aes-
