4766 6034
1916 576 2476 693 οιιιιιιο.
3577 630 3708 699 305

672 834 745 909 in
806 836 1027 935 patria
1088 842 1321 911 nostra
1372 841 1444 911 et
1493 835 1817 935 languet,
1868 860 2079 935 quam
2124 858 2441 911 amamus
2482 839 2554 909 et
2587 834 2712 925 cui
2760 834 3232 917 incumbimus
3254 894 3275 925 ,
3323 835 3704 911 iuventutis

672 954 1054 1043 institutio,
1128 980 1355 1054 neque
1418 980 1545 1031 nos
1608 956 1782 1031 adeo
1848 956 2160 1032 doctores
2200 954 2556 1054 ‘culpandi
2617 936 2862 1031 suiuus
2880 1013 2900 1044 ,
2965 956 3090 1031 sed
3135 956 3336 1056 ,ipsae
3391 956 3583 1055 leges
3635 963 3706 1031 et

672 1074 993 1151 instituta
1012 1133 1032 1164 ,
1084 1099 1382 1175 quorum
1426 1082 1660 1151 tamen
1702 1082 1783 1151 ut
1822 1076 1921 1150 nil
1964 1076 2234 1152 facilius
2278 1084 2424 1165 est,
2474 1100 2685 1174 quam
2731 1075 3131 1153 innumeros
3171 1076 3474 1153 indicare
3519 1100 3700 1152 erro·-

672 1218 781 1269 res
801 1253 821 1282 ,
892 1196 993 1269 ita
1058 1195 1363 1299 remedia
1426 1195 1826 1271 difficillima
1896 1194 2187 1271 inventu
2242 1195 2588 1271 difficilius
2641 1196 2850 1272 etiam
2905 1194 3442 1271 adhibebuntur.
3545 1196 3706 1272 Hoc

674 1321 916 1389 autem
962 1315 1232 1391 utinam
1279 1315 1561 1389 tandem
1603 1315 1691 1389 ab
1734 1314 1967 1414 aliquo
2006 1318 2165 1391 fiat!
2206 1316 2526 1392 Utinam
2563 1340 2685 1415 per
2723 1339 2850 1391 nos
2872 1374 2893 1405 ,
2940 1316 3378 1416 aliquatenus
3423 1316 3702 1403 saltem,

674 1434 840 1515 fieri,
882 1434 1136 1534 possit!
1228 1435 1481 1533 Neque
1535 1435 1721 1511 enim
1768 1419 2199 1512 reticendum
2244 1441 2351 1510 est
2368 1452 2404 1524 ,·
2455 1458 2594 1533 quo
2633 1434 2911 1533 gloriari
2926 1435 3142 1525 ⁶lieet,
3207 1459 3335 1510 nos
3384 1459 3509 1534 pro
3550 1444 3704 1510 tan-

672 1554 818 1629 tilla
858 1554 1109 1629 virium
1156 1560 1497 1652 potestate
1542 1555 1750 1639 itiam
1788 1563 1999 1654 atque
2036 1555 2250 1631 etiam
2294 1555 2554 1642 anniti,
2608 1562 2688 1629 ut
2725 1554 2894 1631 haec
2931 1542 3254 1631 iuventus
3299 1580 3382 1632 ea
3417 1554 3704 1631 tandem

674 1673 940 1748 ratione
986 1662 1417 1761 instituatur,
1466 1698 1647 1773 quae
1688 1676 1968 1751 nomine
2003 1675 2462 1750 institutionis
2500 1674 2715 1775 digna
2753 1674 2864 1750 sit.
2964 1662 3176 1752 Nunc
3217 1700 3376 1775 pars
3419 1674 3704 1751 seminis

640 1794 995 1869 'sentibus
1037 1791 1475 1893 opprimitur,
1524 1802 1595 1869 et
1648 1821 1808 1895 pars
1850 1796 2065 1872 altera
2110 1795 2295 1871 cadit
2340 1794 2726 1871 secundum
2771 1794 2955 1871 viam
3005 1802 3076 1870 et
3115 1796 3380 1896 rapitur
3420 1822 3463 1870 a
3502 1820 3701 1930 prae-

674 1913 1217 2041 tei-volantibus,
1286 1920 1359 1988 et
1404 1913 1539 1989 alia
1574 1912 1893 1989 decidit'
1872 1941 1945 1991 m
1974 1940 2183 2015 rupes
2212 1921 2284 1990 et
2308 1915 2616 1991 nascitur
2658 1913 2987 2013 quidem,
3037 1915 3161 1990 sed
3210 1939 3377 1991 mox
3423 1915 3702 1989 misera-

584 2106 589 2111 .
674 2033 906 2109 biliter
955 2008 1174 2132 perit,
1224 2032 1605 2111 exarefacta
1652 2034 1815 2110 solis
1861 2036 2091 2111 radiis.
2190 2036 2532 2113 Nostrum
2583 2041 2729 2123 est,
2779 2040 2864 2108 ιιι
2905 2033 3036 2109 hoc
3079 2033 3464 2110 identidem
3515 2058 3708 2134 repe·

672 2160 954 2242 tamus,
1028 2160 1112 2227 ut
1172 2154 1429 2249 clamor
1496 2152 1795 2253 denique
1847 2164 2160 2255 penetret
2204 2178 2428 2253 usque
2476 2153 2568 2230 ad
2610 2178 2812 2231 aures
2860 2179 3140 2243 eorum,
3193 2155 3318 2253 qui
3363 2154 3714 2231 civitatem

671 2284 961 2372 regunt,
1012 2274 1137 2373 qui
1174 2298 1383 2371 rupes
1426 2273 1709 2373 quidem
1745 2272 2012 2349 amoliri
2055 2279 2414 2372 nequeunt
2437 2330 2458 2361 ,
2505 2278 2630 2348 aut
2665 2271 2893 2348 radios
2934 2272 3187 2347 solares
3229 2272 3670 2374 exstinguere
3689 2332 3710 2363 ,

674 2392 796 2468 sed
875 2394 999 2493 qui
1060 2418 1225 2469 saxa
1283 2417 1633 2482 amovere,
1683 2400 1755 2469 et
1804 2393 2223 2529 conflagrare
2274 2400 2542 2481 sentes,
2594 2400 2666 2468 et
2705 2390 3002 2477 humum
3043 2392 3356 2467 altricem
3405 2392 3714 2467 multum

675 2512 1022 2611 adaugere
1087 2512 1357 2602 valent,
1425 2520 1509 2587 ut
1566 2513 1656 2588 ιιι
1704 2512 1853 2588 dies
1903 2513 2124 2589 maior
2170 2520 2241 2589 et
2292 2512 2586 2612 amplior
2632 2512 2756 2588 fiat
2808 2535 2968 2611 pars
3013 2511 3172 2602 illa,
3221 2537 3402 2614 quae
3446 2511 3712 2587 bonum
3751 2572 3762 2582 .

676 2654 925 2731 agrum
972 2631 1279 2722 invenit,
1328 2632 1641 2733 feretque
1688 2633 1945 2709 bonam
1994 2633 2265 2734 frugem
2308 2640 2381 2709 et
2424 2630 3024 2731 multiplicabitur,
3073 2632 3208 2708 alia
3248 2657 3408 2732 pars
3440 2631 3712 2721 tricies,

683 2759 755 2826 et
800 2752 935 2828 alia
980 2724 1334 2852 sexagies,
1384 2752 1519 2828 alia
1564 2753 1865 2853 denique
1910 2754 2189 2831 centies.
2290 2752 2488 2832 Quid
2544 2759 2829 2842 autem,
2877 2758 2960 2826 ut
3003 2751 3217 2827 missa
3261 2752 3716 2829 similitudine

677 2895 1008 3005 pergam,
1058 2870 1233 2970 quid
1279 2872 1506 2971 magis
1562 2872 1837 2949 salubre
1890 2882 1963 2949 et
2008 2873 2422 2974 frugiferum
2469 2872 2632 2949 huic
2669 2871 3018 2947 iuventuti
3065 2878 3138 2945 et
3192 2870 3396 2947 bonis
3443 2872 3714 2949 artibus

679 2998 752 3064 et
822 2989 1187 3066 universae
1250 2998 1526 3068 nostrae
1593 2992 2049 3094 reipublicae,
2118 3016 2371 3094 quam
2368 2993 2467 3069 id
2524 2992 2715 3092 quod
2768 2998 3046 3068 strenue
3093 2995 3416 3092 cupimus
3465 2999 3539 3068 et
3595 3019 3715 3070 ex·

669 3109 1019 3208 petimus,
1070 3111 1260 3210 quod
1308 3111 1483 3187 forte
1533 3113 1839 3190 oratione
1883 3114 2109 3190 dicere
2162 3137 2304 3189 non
2358 3119 2502 3202 est,
2569 3118 2644 3187 at
2678 3110 2906 3228 signis
2951 3109 3250 3188 maxime
3301 3109 3711 3188 miserandis

674 3227 993 3326 perfacile
1023 3230 1375 3308 noscitur.
1475 3233 1681 3323 Fuit,
1728 3258 1891 3310 cum
1936 3233 2446 3334 sapientissima
2491 3231 2757 3308 ratione
2796 3229 2898 3306 ita
2942 3237 3088 3307 erat
3134 3231 3579 3321 institutum,
3627 3239 3711 3307 ut

671 3344 953 3446 publice
992 3349 1367 3427 haberetur
1406 3351 1839 3488 disquisitiO,
1888 3378 2027 3452 qua
2068 3359 2430 3452 tamquam
2467 3351 2690 3451 ipsius
2727 3349 3022 3426 civitatis
3055 3350 3373 3426 examine
3417 3351 3710 3450 planum

668 3469 902 3559 fieret,
952 3469 1116 3568 quis
1171 3470 1473 3571 dignus
1446 3530 1467 3561 ,
1518 3473 1678 3572 quis
1731 3471 1923 3548 utilis
1971 3482 2193 3563 esset,
2244 3473 2402 3572 quis
2446 3495 2584 3546 non
2605 3530 2626 3560 ,
2676 3494 2839 3546 cum
2877 3469 3079 3570 quasi
3115 3469 3291 3569 ipsa
3308 3471 3701 3571 respublica

669 3613 788 3664 eos
836 3597 1105 3666 curaret
1156 3590 1381 3691 iisque
1425 3593 1881 3694 prospiceret,
1931 3593 2055 3692 qui
2104 3619 2266 3669 mox
2306 3593 2530 3692 ipsam
2566 3599 2798 3670 essent
2847 3615 2934 3664 ex
2974 3613 3229 3689 magna
3273 3597 3468 3689 parte
3510 3615 3706 3668 cura-

673 3709 839 3784 turi.
943 3709 1302 3786 Sustulere
1351 3711 1881 3788 saluberrimum
1928 3715 2059 3788 hoc
2104 3713 2499 3788 institutum
2558 3711 2960 3810 iniquitates
2979 3767 3000 3798 ,
3049 3716 3441 3815 temporum
3485 3711 3712 3811 magis

670 3829 878 3929 etiam
946 3855 1157 3929 quam
1222 3830 1623 3921 hominum,
1686 3840 1758 3907 et
1803 3831 1881 3906 hi
1927 3843 2205 3932 quoque
2253 3831 2479 3932 magis
2530 3829 2830 3906 universi
2878 3849 3236 3930 perperam
3281 3831 3703 3930 probarunt,

672 3950 860 4049 quod
898 3951 1281 4026 iucundum
1330 3963 1548 4040 esset,
1598 3959 1671 4026 et
1712 3952 1909 4027 mitia
1952 3952 2243 4028 utilibus
2284 3960 2776 4050 anteposuere,
2830 3973 3043 4046 quam
3085 3947 3343 4082 singuli
3375 3949 3706 4050 culpandi

676 4079 859 4146 sunt.
960 4073 1113 4146 Nec
1159 4079 1393 4147 tamen
1438 4081 1563 4148 aut
1606 4071 1682 4147 hi
1732 4072 1936 4171 culpa
1984 4079 2271 4160 vacant,
2320 4079 2444 4146 aut
2490 4095 2616 4144 nos
2653 4066 3092 4180 vacabimus„
3142 4067 3278 4141 nisi
3319 4069 3704 4159 coniuncti,

666 4189 891 4272 donec
940 4189 1252 4267 deleatur
1298 4191 1699 4291 KarthagO,
1749 4190 1939 4266 omni
1988 4189 2054 4264 vi
2095 4189 2317 4264 anniti
2356 4211 2768 4287 pergamuS,
2817 4186 2952 4260 nisi
2997 4185 3401 4285 quidquid
3378 4211 3455 4262 ιιι
3498 4188 3700 4264 nobis

422 4404 431 4412 ·
558 4359 563 4362 -
674 4309 806 4397 sit,
856 4308 933 4384 id
952 4331 1179 4384 ‘omne
1229 4305 1640 4386 adhibeatur
1687 4317 1769 4385 ιιι
1814 4334 2162 4387 servemus
2202 4307 2620 4408 primoribus
2663 4285 3044 4380 iuventutis
3083 4305 3157 4380 ιιι
3199 4306 3424 4405 patria
3463 4315 3701 4387 nostra

674 4429 943 4527 integra
1006 4428 1141 4503 ista
1210 4429 1685 4529 quinquennia
1706 4489 1726 4520 ,
1758 4455 1973 4530 ⁸quae
2038 4429 2241 4505 nobis
2294 4430 2645 4504 incassum
2707 4433 2947 4502 contra
2991 4425 3420 4502 luctantibus.
3454 4429 3700 4504 misere

677 4547 1152 4647 disperibunt,
1218 4548 1366 4623 nisi'
1412 4551 1541 4625 hoc
1560 4608 1580 4639 ,
1648 4549 2028 4648 importuni
2073 4549 2357 4625 forsitan
2377 4608 2398 4639 ,
2448 4548 2572 4623 sed
2620 4545 2786 4621 boni
2835 4545 3014 4620 cives
3034 4603 3053 4634 ,
3103 4545 3518 4623 beneficium
3579 4572 3697 4623 ex-

550 4769 553 4774 ·
674 4665 1189 4764 optatissimum
1238 4668 1521 4743 tandem
1570 4668 2015 4767 impetratum
2064 4668 2138 4744 in
2190 4669 2367 4744 hanc
2415 4667 2710 4768 patriam
2759 4665 3275 4743 contulerimus.
3389 4686 3396 4697 “

772 4785 885 4860 Ne
940 4793 1173 4862 tamen
1236 4786 1404 4864 haee
1459 4788 1616 4864 ideo
1662 4787 1847 4864 dicta
1888 4789 2223 4865 censeatis
2246 4848 2267 4880 ,
2317 4788 2518 4888 quasi
2559 4811 2678 4864 vos
2720 4811 2858 4864 non
2915 4786 3081 4862 satis
3105 4784 3529 4885 probarem,
3576 4809 3702 4887 op·
3745 4895 3748 4898 ῃ

3128 4907 3221 4980 39
3465 4907 3473 4918 “
