4766 6034
1171 883 1247 984 P
1390 882 1473 985 R
1615 880 1696 983 0
1837 880 1923 984 G
2063 879 2147 986 R
2258 875 2370 981 'A
2511 878 2600 981 M
2741 879 2830 981 Μ
2971 874 3057 978 Α

1315 1155 2119 1244 omnifluus
2190 1151 2921 1249 nummu,

2084 1415 2134 1464 Δ

756 1639 1210 1730 REGTORE
1262 1643 1389 1724 ET
1445 1643 1833 1725 SENATU
1884 1634 2444 1724 ACADEMIAE
2497 1635 3453 1726 LUGDUNO-BA'I'AVAE

1318 1879 1385 1942 D.
1429 1877 1563 1942 V111
1605 1821 1883 1942 hiENSIS
1924 1875 2337 1942 FEBRUARII
2380 1877 2449 1938 A.
2494 1873 2874 1938 MDCCCLIV

1888 2122 2323 2175 INDIOTL

674 2641 783 2716 Ex
829 2640 1047 2742 Regis
1089 2642 1594 2743 Angustissimi
1628 2645 2038 2718 Gmmnmn
2067 2643 2185 2718 III
2227 2642 2639 2719 liberalitate
2689 2647 2761 2716 et
2800 2641 3281 2718 munificentia
3300 2701 3322 2731 ,
3371 2643 3624 2718 Rector

587 2765 653 2834 et
704 2759 1001 2838 Senatus
1054 2763 1472 2846 Academiae
1522 2761 2213 2862 Lugduno-Batavae
2256 2788 2498 2838 omnes
2541 2762 3084 2839 Academiarum
3135 2762 3346 2864 hujus
3393 2762 3626 2863 Regni

588 2879 783 2956 Cives
843 2890 914 2956 et
971 2883 1501 2958 Athenaeorum
1564 2882 1911 2958 Alumnos
1976 2884 2051 2957 in
2107 2883 2502 2983 proximum
2555 2907 2820 2988 annum
2881 2882 2974 2957 ad
3019 2881 3388 2958 Certamen
3437 2883 3627 2958 Lite·

586 3000 836 3077 rarium
898 3000 1195 3079 invitant
1259 3009 1330 3078 et
1373 3010 1698 3094 evocant,
1764 3003 2289 3104 propositasque
2341 3030 2383 3081 a
2431 3003 2724 3104 singulis
2777 3001 3164 3079 Ordinibus
3217 3003 3624 3080 academicis

588 3126 945 3219 sequentes
992 3122 1428 3221 quaestiones
1472 3125 1723 3222 jubent
1778 3124 2225 3225 promulgari.

1119 3370 1390 3447 ORDO
1437 3370 2168 3459 PHILOSOPHIAE
2218 3371 2907 3449 THEORE'I'ICAE
2955 3372 3078 3447 ΕΤ

1424 3490 2006 3567 LITERARUM
2055 3493 2755 3569 HUMANIORUM

588 3679 783 3759 hasce
831 3640 1163 3783 proponit
1201 3685 1679 3783 quaestiones:

675 3967 1085 4064 Exponam·
1130 3969 1215 4043 de
1260 3968 1343 4043 L.
1391 3978 1463 4045 et
1502 3970 1583 4045 Τ.
1629 3852 2129 4047 Munatiorunlr
2157 3972 2577 4049 Plancorum
2622 3974 2777 4049 vitd
2818 3982 2889 4049 et
2936 3975 3135 4049 rebus
3170 3976 3388 4072 yestis
3406 4031 3424 4061 ,
3477 3980 3613 4047 tum

585 4107 665 4157 eoe
713 4085 1049 4162 stlliam‘a*
1090 4088 1431 4186 Epistolis
1448 4148 1469 4179 ‚
1519 4097 1657 4165 tum
1706 4092 2000 4167 aliunde.

2050 4210 2152 4285 Π.

672 4323 891 4399 Locus
944 4325 1432 4429 quekoloyiae
1486 4331 1571 4405 de
1639 4331 1958 4407 libertate
2028 4332 2400 4429 eoeplicetur
2459 4334 2564 4406 ita
2585 4388 2606 4420 ‚
2683 4338 2761 4405 ut
2821 4332 3130 4406 diversae
3196 4330 3324 4401 leae
3389 4331 3472 4401 de
3531 4355 3610 4403 re

586 4438 1137 4540 Philoawkorum
1188 4448 1566 4522 sententiae
1614 4454 2079 4524 enumerentur
2123 4454 2197 4523 et
2225 4449 2709 4545 ponderentur.

670 4560 791 4637 Ad
837 4561 1016 4639 hanc
1062 4566 1539 4664 quaestionem
1588 4566 2069 4667 explicandam
2116 4566 2350 4641 licebit
2397 4568 2621 4666 patrio
2669 4592 2982 4645 sermone
3026 4569 3154 4646 uti.

673 4680 760 4755 In
823 4683 1189 4786 utriusque
1252 4686 1648 4788 argumenti
1707 4686 2133 4789 expositione
2188 4687 2582 4793 postulatur
2644 4712 2870 4766 sermo
2938 4711 3158 4790 purus
3174 4745 3195 4778 ‚
3259 4687 3606 4765 dilucidus

584 4806 652 4874 et
699 4801 1000 4902 elegans.

3087 4928 3230 5007 17*
