<?xml version="1.0" encoding="UTF-8"?>
<!DOCTYPE html PUBLIC "-//W3C//DTD XHTML 1.0 Transitional//EN"
    "http://www.w3.org/TR/xhtml1/DTD/xhtml1-transitional.dtd">
<html xmlns="http://www.w3.org/1999/xhtml" xml:lang="en" lang="en">
 <head>
  <title>
</title>
<meta http-equiv="Content-Type" content="text/html;charset=utf-8" />
  <meta name='ocr-system' content='tesseract 3.04.00' />
  <meta name='ocr-capabilities' content='ocr_page ocr_carea ocr_par ocr_line ocrx_word'/>
</head>
<body>
  <div class='ocr_page' id='page_1' title='image "annalesacademic02confgoog_0062.png"; bbox 0 0 4766 6034; ppageno 0'>
   <div class='ocr_carea' id='block_1_1' title="bbox 1162 602 3014 677">
    <p class='ocr_par' dir='ltr' id='par_1_1' title="bbox 1162 602 3014 677">
     <span class='ocr_line' id='line_1_1' title="bbox 1162 602 3014 677; baseline 0.003 -8"><span class='ocrx_word' id='word_1_1' title='bbox 1162 602 1247 669; x_wconf 76' lang='lat'>46</span> <span class='ocrx_word' id='word_1_2' title='bbox 2346 606 2424 675; x_wconf 76' lang='lat' dir='ltr'>A.</span> <span class='ocrx_word' id='word_1_3' title='bbox 2507 608 3014 677; x_wconf 74' lang='lat' dir='ltr'>KURNEN</span> 
     </span>
    </p>
   </div>
   <div class='ocr_carea' id='block_1_2' title="bbox 1092 808 4195 4868">
    <p class='ocr_par' dir='ltr' id='par_1_2' title="bbox 1092 808 4190 2325">
     <span class='ocr_line' id='line_1_2' title="bbox 1092 808 4188 911; baseline 0.002 -27"><span class='ocrx_word' id='word_1_4' title='bbox 1092 818 1099 825; x_wconf 77' lang='grc'><strong><em>’</em></strong></span> <span class='ocrx_word' id='word_1_5' title='bbox 1162 831 1463 907; x_wconf 91' lang='lat' dir='ltr'>quorum</span> <span class='ocrx_word' id='word_1_6' title='bbox 1529 834 1751 887; x_wconf 88' lang='lat' dir='ltr'>errore</span> <span class='ocrx_word' id='word_1_7' title='bbox 1765 869 1786 902; x_wconf 92' lang='lat'>‚</span> <span class='ocrx_word' id='word_1_8' title='bbox 1856 808 2163 887; x_wconf 87' lang='lat' dir='ltr'>obsoleto</span> <span class='ocrx_word' id='word_1_9' title='bbox 2223 812 2511 911; x_wconf 90' lang='lat' dir='ltr'>quidem</span> <span class='ocrx_word' id='word_1_10' title='bbox 2532 872 2553 903; x_wconf 90' lang='lat'>,</span> <span class='ocrx_word' id='word_1_11' title='bbox 2623 824 2932 893; x_wconf 82' lang='lat' dir='ltr'>attamen</span> <span class='ocrx_word' id='word_1_12' title='bbox 2981 813 3298 889; x_wconf 90' lang='lat' dir='ltr'>nondum</span> <span class='ocrx_word' id='word_1_13' title='bbox 3349 810 3682 887; x_wconf 75' lang='lat' dir='ltr'><strong>radicitus</strong></span> <span class='ocrx_word' id='word_1_14' title='bbox 3751 812 3989 887; x_wconf 84' lang='lat' dir='ltr'>evulso</span> <span class='ocrx_word' id='word_1_15' title='bbox 4008 868 4028 900; x_wconf 88' lang='lat'>‚</span> <span class='ocrx_word' id='word_1_16' title='bbox 4091 812 4188 889; x_wconf 82' lang='lat' dir='ltr'>fa·</span> 
     </span>
     <span class='ocr_line' id='line_1_3' title="bbox 1160 930 4190 1033; baseline 0 -29"><span class='ocrx_word' id='word_1_17' title='bbox 1160 937 1355 1005; x_wconf 91' lang='lat' dir='ltr'>ctum</span> <span class='ocrx_word' id='word_1_18' title='bbox 1430 938 1537 1005; x_wconf 90' lang='lat' dir='ltr'>est</span> <span class='ocrx_word' id='word_1_19' title='bbox 1552 989 1577 1020; x_wconf 90' lang='lat'><em>,</em></span> <span class='ocrx_word' id='word_1_20' title='bbox 1645 937 1726 1005; x_wconf 98' lang='lat' dir='ltr'>ut</span> <span class='ocrx_word' id='word_1_21' title='bbox 1794 930 2103 1005; x_wconf 76' lang='lat' dir='ltr'>Hebraei</span> <span class='ocrx_word' id='word_1_22' title='bbox 2167 934 2532 1033; x_wconf 71' lang='lat' dir='ltr'><strong>scriptores</strong></span> <span class='ocrx_word' id='word_1_23' title='bbox 2593 933 2696 1011; x_wconf 87' lang='lat' dir='ltr'>ita</span> <span class='ocrx_word' id='word_1_24' title='bbox 2757 933 2971 1011; x_wconf 89' lang='lat' dir='ltr'>locuti</span> <span class='ocrx_word' id='word_1_25' title='bbox 3012 932 3228 1008; x_wconf 83' lang='lat' dir='ltr'>fuisse</span> <span class='ocrx_word' id='word_1_26' title='bbox 3279 931 3646 1008; x_wconf 85' lang='lat' dir='ltr'>videantur</span> <span class='ocrx_word' id='word_1_27' title='bbox 3668 989 3689 1020; x_wconf 89' lang='lat'>‚</span> <span class='ocrx_word' id='word_1_28' title='bbox 3755 939 3878 1020; x_wconf 89' lang='lat' dir='ltr'>ut,</span> <span class='ocrx_word' id='word_1_29' title='bbox 3936 930 4190 1031; x_wconf 88' lang='lat' dir='ltr'>quippe</span> 
     </span>
     <span class='ocr_line' id='line_1_4' title="bbox 1158 1049 4188 1151; baseline 0.001 -27"><span class='ocrx_word' id='word_1_30' title='bbox 1158 1050 1486 1150; x_wconf 88' lang='lat' dir='ltr'>loquendi</span> <span class='ocrx_word' id='word_1_31' title='bbox 1550 1076 1719 1127; x_wconf 91' lang='lat' dir='ltr'>usus</span> <span class='ocrx_word' id='word_1_32' title='bbox 1779 1076 2060 1151; x_wconf 89' lang='lat' dir='ltr'>prorsus</span> <span class='ocrx_word' id='word_1_33' title='bbox 2130 1053 2572 1130; x_wconf 88' lang='lat' dir='ltr'>immemores</span> <span class='ocrx_word' id='word_1_34' title='bbox 2591 1112 2612 1143; x_wconf 89' lang='lat'>‚</span> <span class='ocrx_word' id='word_1_35' title='bbox 2677 1054 2770 1130; x_wconf 90' lang='lat' dir='ltr'>ab</span> <span class='ocrx_word' id='word_1_36' title='bbox 2815 1054 3094 1130; x_wconf 89' lang='lat' dir='ltr'>homine</span> <span class='ocrx_word' id='word_1_37' title='bbox 3139 1052 3426 1129; x_wconf 88' lang='lat' dir='ltr'>fortasse</span> <span class='ocrx_word' id='word_1_38' title='bbox 3465 1052 3778 1151; x_wconf 90' lang='lat' dir='ltr'>linguam</span> <span class='ocrx_word' id='word_1_39' title='bbox 3821 1049 4188 1127; x_wconf 77' lang='lat' dir='ltr'>Arabicam</span> 
     </span>
     <span class='ocr_line' id='line_1_5' title="bbox 1156 1169 4188 1273; baseline 0 -29"><span class='ocrx_word' id='word_1_40' title='bbox 1156 1179 1227 1245; x_wconf 91' lang='lat' dir='ltr'>et</span> <span class='ocrx_word' id='word_1_41' title='bbox 1292 1172 1703 1247; x_wconf 89' lang='lat' dir='ltr'>Aramaeam</span> <span class='ocrx_word' id='word_1_42' title='bbox 1774 1170 2020 1247; x_wconf 88' lang='lat' dir='ltr'>edocto</span> <span class='ocrx_word' id='word_1_43' title='bbox 2038 1232 2061 1261; x_wconf 89' lang='lat'><em>,</em></span> <span class='ocrx_word' id='word_1_44' title='bbox 2125 1199 2169 1249; x_wconf 86' lang='lat' dir='ltr'>a</span> <span class='ocrx_word' id='word_1_45' title='bbox 2236 1174 2688 1273; x_wconf 88' lang='lat' dir='ltr'>popularibus</span> <span class='ocrx_word' id='word_1_46' title='bbox 2731 1174 2927 1249; x_wconf 89' lang='lat' dir='ltr'>nullo</span> <span class='ocrx_word' id='word_1_47' title='bbox 2970 1180 3176 1273; x_wconf 90' lang='lat' dir='ltr'>pacto</span> <span class='ocrx_word' id='word_1_48' title='bbox 3221 1172 3520 1271; x_wconf 79' lang='lat' dir='ltr'>intelligi</span> <span class='ocrx_word' id='word_1_49' title='bbox 3567 1177 3870 1271; x_wconf 80' lang='lat' dir='ltr'>possent.</span> <span class='ocrx_word' id='word_1_50' title='bbox 3972 1169 4188 1245; x_wconf 81' lang='lat' dir='ltr'>Theo-</span> 
     </span>
     <span class='ocr_line' id='line_1_6' title="bbox 1154 1289 4188 1395; baseline 0 -31"><span class='ocrx_word' id='word_1_51' title='bbox 1154 1290 1313 1391; x_wconf 88' lang='lat' dir='ltr'>logo</span> <span class='ocrx_word' id='word_1_52' title='bbox 1374 1291 1774 1391; x_wconf 89' lang='lat' dir='ltr'>praesertim</span> <span class='ocrx_word' id='word_1_53' title='bbox 1844 1293 2089 1392; x_wconf 92' lang='lat' dir='ltr'>populi</span> <span class='ocrx_word' id='word_1_54' title='bbox 2150 1292 2488 1371; x_wconf 88' lang='lat' dir='ltr'>Hebraici</span> <span class='ocrx_word' id='word_1_55' title='bbox 2535 1294 2776 1395; x_wconf 88' lang='lat' dir='ltr'>lingua</span> <span class='ocrx_word' id='word_1_56' title='bbox 2823 1292 3217 1369; x_wconf 76' lang='lat' dir='ltr'>subsidium</span> <span class='ocrx_word' id='word_1_57' title='bbox 3263 1292 3394 1380; x_wconf 90' lang='lat' dir='ltr'>sit,</span> <span class='ocrx_word' id='word_1_58' title='bbox 3458 1316 3600 1390; x_wconf 90' lang='lat' dir='ltr'>quo</span> <span class='ocrx_word' id='word_1_59' title='bbox 3655 1291 3750 1365; x_wconf 91' lang='lat' dir='ltr'>ad</span> <span class='ocrx_word' id='word_1_60' title='bbox 3799 1289 4024 1389; x_wconf 88' lang='lat' dir='ltr'>ipsius</span> <span class='ocrx_word' id='word_1_61' title='bbox 4079 1314 4188 1365; x_wconf 87' lang='lat' dir='ltr'>eo-</span> 
     </span>
     <span class='ocr_line' id='line_1_7' title="bbox 1156 1409 4184 1513; baseline -0.001 -28"><span class='ocrx_word' id='word_1_62' title='bbox 1156 1409 1539 1510; x_wconf 89' lang='lat' dir='ltr'>gnitionem</span> <span class='ocrx_word' id='word_1_63' title='bbox 1588 1411 1979 1511; x_wconf 82' lang='lat' dir='ltr'>perveniat=</span> <span class='ocrx_word' id='word_1_64' title='bbox 2037 1412 2153 1489; x_wconf 90' lang='lat' dir='ltr'>cui</span> <span class='ocrx_word' id='word_1_65' title='bbox 2204 1413 2490 1489; x_wconf 87' lang='lat' dir='ltr'>consilio</span> <span class='ocrx_word' id='word_1_66' title='bbox 2541 1413 2804 1513; x_wconf 82' lang='lat' dir='ltr'>duplici</span> <span class='ocrx_word' id='word_1_67' title='bbox 2851 1412 3258 1513; x_wconf 88' lang='lat' dir='ltr'>praesertim</span> <span class='ocrx_word' id='word_1_68' title='bbox 3305 1410 3514 1485; x_wconf 91' lang='lat' dir='ltr'>modo</span> <span class='ocrx_word' id='word_1_69' title='bbox 3560 1409 3890 1485; x_wconf 87' lang='lat' dir='ltr'>inservire</span> <span class='ocrx_word' id='word_1_70' title='bbox 3941 1414 4184 1508; x_wconf 85' lang='lat' dir='ltr'>potest.</span> 
     </span>
     <span class='ocr_line' id='line_1_8' title="bbox 1152 1530 4188 1635; baseline -0.001 -30"><span class='ocrx_word' id='word_1_71' title='bbox 1152 1530 1267 1605; x_wconf 91' lang='lat' dir='ltr'>Ab</span> <span class='ocrx_word' id='word_1_72' title='bbox 1336 1532 1550 1606; x_wconf 90' lang='lat' dir='ltr'>altera</span> <span class='ocrx_word' id='word_1_73' title='bbox 1617 1538 1813 1631; x_wconf 91' lang='lat' dir='ltr'>parte</span> <span class='ocrx_word' id='word_1_74' title='bbox 1882 1532 2115 1632; x_wconf 91' lang='lat' dir='ltr'>gentis</span> <span class='ocrx_word' id='word_1_75' title='bbox 2172 1532 2533 1633; x_wconf 83' lang='lat' dir='ltr'>ingenium</span> <span class='ocrx_word' id='word_1_76' title='bbox 2556 1592 2577 1625; x_wconf 90' lang='lat'>‚</span> <span class='ocrx_word' id='word_1_77' title='bbox 2645 1533 2998 1635; x_wconf 88' lang='lat' dir='ltr'>cogitandi</span> <span class='ocrx_word' id='word_1_78' title='bbox 3061 1539 3136 1609; x_wconf 88' lang='lat' dir='ltr'>et</span> <span class='ocrx_word' id='word_1_79' title='bbox 3207 1530 3554 1606; x_wconf 87' lang='lat' dir='ltr'>sentiendi</span> <span class='ocrx_word' id='word_1_80' title='bbox 3607 1530 3783 1605; x_wconf 86' lang='lat' dir='ltr'>ratio</span> <span class='ocrx_word' id='word_1_81' title='bbox 3843 1552 4188 1628; x_wconf 83' lang='lat' dir='ltr'>nusquam</span> 
     </span>
     <span class='ocr_line' id='line_1_9' title="bbox 1148 1644 4186 1753; baseline 0 -28"><span class='ocrx_word' id='word_1_82' title='bbox 1148 1650 1396 1725; x_wconf 86' lang='lat' dir='ltr'>clarius</span> <span class='ocrx_word' id='word_1_83' title='bbox 1456 1644 1670 1750; x_wconf 85' lang='lat' dir='ltr'>quam</span> <span class='ocrx_word' id='word_1_84' title='bbox 1734 1650 1811 1725; x_wconf 90' lang='lat' dir='ltr'>iu</span> <span class='ocrx_word' id='word_1_85' title='bbox 1875 1652 2029 1752; x_wconf 89' lang='lat' dir='ltr'>ipsa</span> <span class='ocrx_word' id='word_1_86' title='bbox 2090 1653 2331 1753; x_wconf 87' lang='lat' dir='ltr'>lingua</span> <span class='ocrx_word' id='word_1_87' title='bbox 2378 1654 2694 1744; x_wconf 86' lang='lat' dir='ltr'>elucent,</span> <span class='ocrx_word' id='word_1_88' title='bbox 2744 1678 2924 1753; x_wconf 89' lang='lat' dir='ltr'>quae</span> <span class='ocrx_word' id='word_1_89' title='bbox 2972 1651 3274 1728; x_wconf 90' lang='lat' dir='ltr'>hominis</span> <span class='ocrx_word' id='word_1_90' title='bbox 3321 1658 3436 1725; x_wconf 90' lang='lat' dir='ltr'>est</span> <span class='ocrx_word' id='word_1_91' title='bbox 3480 1650 3684 1749; x_wconf 91' lang='lat' dir='ltr'>quasi</span> <span class='ocrx_word' id='word_1_92' title='bbox 3725 1651 3880 1726; x_wconf 85' lang='lat' dir='ltr'>viva</span> <span class='ocrx_word' id='word_1_93' title='bbox 3920 1650 4186 1749; x_wconf 86' lang='lat' dir='ltr'>imago;</span> 
     </span>
     <span class='ocr_line' id='line_1_10' title="bbox 1149 1767 4188 1874; baseline -0.001 -29"><span class='ocrx_word' id='word_1_94' title='bbox 1149 1770 1238 1845; x_wconf 92' lang='lat' dir='ltr'>ab</span> <span class='ocrx_word' id='word_1_95' title='bbox 1287 1770 1503 1846; x_wconf 89' lang='lat' dir='ltr'>altera</span> <span class='ocrx_word' id='word_1_96' title='bbox 1555 1778 1751 1871; x_wconf 90' lang='lat' dir='ltr'>parte</span> <span class='ocrx_word' id='word_1_97' title='bbox 1800 1772 2057 1874; x_wconf 87' lang='lat' dir='ltr'>scripta</span> <span class='ocrx_word' id='word_1_98' title='bbox 2074 1832 2095 1863; x_wconf 88' lang='lat'>‚</span> <span class='ocrx_word' id='word_1_99' title='bbox 2158 1798 2339 1873; x_wconf 88' lang='lat' dir='ltr'>quae</span> <span class='ocrx_word' id='word_1_100' title='bbox 2395 1772 2698 1874; x_wconf 87' lang='lat' dir='ltr'>populus</span> <span class='ocrx_word' id='word_1_101' title='bbox 2737 1772 3023 1872; x_wconf 89' lang='lat' dir='ltr'>reliquit</span> <span class='ocrx_word' id='word_1_102' title='bbox 3041 1830 3064 1862; x_wconf 91' lang='lat'>‚</span> <span class='ocrx_word' id='word_1_103' title='bbox 3113 1772 3262 1849; x_wconf 90' lang='lat' dir='ltr'>sine</span> <span class='ocrx_word' id='word_1_104' title='bbox 3315 1770 3828 1847; x_wconf 86' lang='lat' dir='ltr'>accuratissima</span> <span class='ocrx_word' id='word_1_105' title='bbox 3875 1767 4152 1869; x_wconf 85' lang='lat' dir='ltr'>linguae</span> <span class='ocrx_word' id='word_1_106' title='bbox 4165 1825 4188 1855; x_wconf 85' lang='lat'><strong>,</strong></span> 
     </span>
     <span class='ocr_line' id='line_1_11' title="bbox 1147 1889 4184 1995; baseline -0.001 -31"><span class='ocrx_word' id='word_1_107' title='bbox 1147 1914 1289 1988; x_wconf 89' lang='lat' dir='ltr'>qua</span> <span class='ocrx_word' id='word_1_108' title='bbox 1357 1890 1763 1990; x_wconf 88' lang='lat' dir='ltr'>consignata</span> <span class='ocrx_word' id='word_1_109' title='bbox 1820 1892 2013 1968; x_wconf 87' lang='lat' dir='ltr'>fuere</span> <span class='ocrx_word' id='word_1_110' title='bbox 2029 1951 2050 1982; x_wconf 90' lang='lat'>‚</span> <span class='ocrx_word' id='word_1_111' title='bbox 2098 1894 2347 1970; x_wconf 83' lang='lat' dir='ltr'>notitia</span> <span class='ocrx_word' id='word_1_112' title='bbox 2393 1894 2664 1972; x_wconf 81' lang='lat' dir='ltr'>nullam</span> <span class='ocrx_word' id='word_1_113' title='bbox 2708 1900 3067 1995; x_wconf 86' lang='lat' dir='ltr'>praestant</span> <span class='ocrx_word' id='word_1_114' title='bbox 3117 1891 3514 1967; x_wconf 81' lang='lat' dir='ltr'>utilitatem.</span> <span class='ocrx_word' id='word_1_115' title='bbox 3613 1890 3726 1964; x_wconf 84' lang='lat' dir='ltr'>Ex</span> <span class='ocrx_word' id='word_1_116' title='bbox 3773 1889 3912 1963; x_wconf 88' lang='lat' dir='ltr'>illis</span> <span class='ocrx_word' id='word_1_117' title='bbox 3956 1895 4184 1964; x_wconf 84' lang='lat' dir='ltr'>autem</span> 
     </span>
     <span class='ocr_line' id='line_1_12' title="bbox 1148 2004 4188 2116; baseline -0.001 -30"><span class='ocrx_word' id='word_1_118' title='bbox 1148 2018 1508 2109; x_wconf 87' lang='lat' dir='ltr'>tamquam</span> <span class='ocrx_word' id='word_1_119' title='bbox 1574 2010 1779 2087; x_wconf 92' lang='lat' dir='ltr'>unico</span> <span class='ocrx_word' id='word_1_120' title='bbox 1850 2013 2041 2088; x_wconf 86' lang='lat' dir='ltr'>fonte</span> <span class='ocrx_word' id='word_1_121' title='bbox 2105 2014 2418 2104; x_wconf 88' lang='lat' dir='ltr'>hauriet,</span> <span class='ocrx_word' id='word_1_122' title='bbox 2485 2015 2612 2114; x_wconf 89' lang='lat' dir='ltr'>qui</span> <span class='ocrx_word' id='word_1_123' title='bbox 2655 2004 2888 2116; x_wconf 82' lang='lat' dir='ltr'>gentis</span> <span class='ocrx_word' id='word_1_124' title='bbox 2938 2012 3329 2088; x_wconf 88' lang='lat' dir='ltr'>Hebraicae</span> <span class='ocrx_word' id='word_1_125' title='bbox 3367 2008 3728 2086; x_wconf 79' lang='lat' dir='ltr'>historiam</span> <span class='ocrx_word' id='word_1_126' title='bbox 3785 2030 4188 2108; x_wconf 77' lang='lat' dir='ltr'>cognoscere</span> 
     </span>
     <span class='ocr_line' id='line_1_13' title="bbox 1146 2126 4188 2235; baseline -0 -32"><span class='ocrx_word' id='word_1_127' title='bbox 1146 2130 1345 2226; x_wconf 86' lang='lat' dir='ltr'>cupit</span> <span class='ocrx_word' id='word_1_128' title='bbox 1365 2187 1386 2218; x_wconf 90' lang='lat'>,</span> <span class='ocrx_word' id='word_1_129' title='bbox 1461 2155 1673 2229; x_wconf 92' lang='lat' dir='ltr'>quam</span> <span class='ocrx_word' id='word_1_130' title='bbox 1756 2133 1973 2208; x_wconf 84' lang='lat' dir='ltr'>exteri</span> <span class='ocrx_word' id='word_1_131' title='bbox 2036 2134 2277 2233; x_wconf 87' lang='lat' dir='ltr'>populi</span> <span class='ocrx_word' id='word_1_132' title='bbox 2342 2134 2697 2235; x_wconf 85' lang='lat' dir='ltr'>negligere</span> <span class='ocrx_word' id='word_1_133' title='bbox 2762 2157 3046 2233; x_wconf 87' lang='lat' dir='ltr'>prorsus</span> <span class='ocrx_word' id='word_1_134' title='bbox 3113 2138 3237 2207; x_wconf 88' lang='lat' dir='ltr'>aut</span> <span class='ocrx_word' id='word_1_135' title='bbox 3309 2151 3559 2231; x_wconf 88' lang='lat' dir='ltr'>parum</span> <span class='ocrx_word' id='word_1_136' title='bbox 3633 2126 3882 2205; x_wconf 88' lang='lat' dir='ltr'>saltem</span> <span class='ocrx_word' id='word_1_137' title='bbox 3956 2148 4188 2203; x_wconf 81' lang='lat' dir='ltr'>curare</span> 
     </span>
     <span class='ocr_line' id='line_1_14' title="bbox 1154 2249 1488 2325; baseline 0.012 -4"><span class='ocrx_word' id='word_1_138' title='bbox 1154 2249 1488 2325; x_wconf 85' lang='lat' dir='ltr'>solebant.</span> 
     </span>
    </p>

    <p class='ocr_par' dir='ltr' id='par_1_3' title="bbox 1144 2367 4195 4868">
     <span class='ocr_line' id='line_1_15' title="bbox 1246 2367 4184 2473; baseline -0.002 -30"><span class='ocrx_word' id='word_1_139' title='bbox 1246 2367 1486 2444; x_wconf 89' lang='lat' dir='ltr'>Huius</span> <span class='ocrx_word' id='word_1_140' title='bbox 1550 2370 1837 2469; x_wconf 91' lang='lat' dir='ltr'>quidem</span> <span class='ocrx_word' id='word_1_141' title='bbox 1902 2372 2219 2449; x_wconf 88' lang='lat' dir='ltr'>studium</span> <span class='ocrx_word' id='word_1_142' title='bbox 2274 2378 2515 2449; x_wconf 91' lang='lat' dir='ltr'>nostra</span> <span class='ocrx_word' id='word_1_143' title='bbox 2573 2370 2645 2447; x_wconf 88' lang='lat' dir='ltr'>et</span> <span class='ocrx_word' id='word_1_144' title='bbox 2701 2378 2985 2473; x_wconf 89' lang='lat' dir='ltr'>patrum</span> <span class='ocrx_word' id='word_1_145' title='bbox 3027 2369 3366 2447; x_wconf 87' lang='lat' dir='ltr'>memoria</span> <span class='ocrx_word' id='word_1_146' title='bbox 3403 2370 3504 2446; x_wconf 89' lang='lat' dir='ltr'>ita</span> <span class='ocrx_word' id='word_1_147' title='bbox 3546 2370 4000 2445; x_wconf 86' lang='lat' dir='ltr'>immutatum</span> <span class='ocrx_word' id='word_1_148' title='bbox 4047 2372 4184 2450; x_wconf 87' lang='lat' dir='ltr'>est,</span> 
     </span>
     <span class='ocr_line' id='line_1_16' title="bbox 1156 2484 4188 2591; baseline -0.001 -30"><span class='ocrx_word' id='word_1_149' title='bbox 1156 2496 1232 2561; x_wconf 90' lang='lat' dir='ltr'>ut</span> <span class='ocrx_word' id='word_1_150' title='bbox 1254 2546 1275 2579; x_wconf 90' lang='lat'><em>,</em></span> <span class='ocrx_word' id='word_1_151' title='bbox 1326 2490 1457 2565; x_wconf 84' lang='lat' dir='ltr'>etsi</span> <span class='ocrx_word' id='word_1_152' title='bbox 1494 2490 1685 2566; x_wconf 90' lang='lat' dir='ltr'>haud</span> <span class='ocrx_word' id='word_1_153' title='bbox 1728 2518 1955 2591; x_wconf 89' lang='lat' dir='ltr'>pauca</span> <span class='ocrx_word' id='word_1_154' title='bbox 1994 2492 2225 2569; x_wconf 88' lang='lat' dir='ltr'>adhuc</span> <span class='ocrx_word' id='word_1_155' title='bbox 2264 2493 2742 2569; x_wconf 87' lang='lat' dir='ltr'>desideramus</span> <span class='ocrx_word' id='word_1_156' title='bbox 2761 2550 2782 2581; x_wconf 88' lang='lat'>‚</span> <span class='ocrx_word' id='word_1_157' title='bbox 2830 2491 3170 2591; x_wconf 85' lang='lat' dir='ltr'>optimam</span> <span class='ocrx_word' id='word_1_158' title='bbox 3200 2498 3438 2566; x_wconf 88' lang='lat' dir='ltr'>tamen</span> <span class='ocrx_word' id='word_1_159' title='bbox 3477 2489 3565 2563; x_wconf 90' lang='lat' dir='ltr'>de</span> <span class='ocrx_word' id='word_1_160' title='bbox 3609 2513 3692 2563; x_wconf 92' lang='lat' dir='ltr'>eo</span> <span class='ocrx_word' id='word_1_161' title='bbox 3729 2511 3930 2586; x_wconf 88' lang='lat' dir='ltr'>spem</span> <span class='ocrx_word' id='word_1_162' title='bbox 3969 2484 4188 2559; x_wconf 78' lang='lat' dir='ltr'>fovere</span> 
     </span>
     <span class='ocr_line' id='line_1_17' title="bbox 1146 2606 4186 2712; baseline 0 -32"><span class='ocrx_word' id='word_1_163' title='bbox 1146 2606 1365 2685; x_wconf 84' lang='lat' dir='ltr'>liceat.</span> <span class='ocrx_word' id='word_1_164' title='bbox 1462 2609 1697 2685; x_wconf 88' lang='lat' dir='ltr'>Antea</span> <span class='ocrx_word' id='word_1_165' title='bbox 1748 2611 1955 2686; x_wconf 79' lang='lat' dir='ltr'>enim</span> <span class='ocrx_word' id='word_1_166' title='bbox 2006 2612 2271 2711; x_wconf 87' lang='lat' dir='ltr'>duplici</span> <span class='ocrx_word' id='word_1_167' title='bbox 2314 2612 2456 2688; x_wconf 86' lang='lat' dir='ltr'>fere</span> <span class='ocrx_word' id='word_1_168' title='bbox 2509 2612 2776 2688; x_wconf 90' lang='lat' dir='ltr'>ratione</span> <span class='ocrx_word' id='word_1_169' title='bbox 2823 2612 3054 2712; x_wconf 89' lang='lat' dir='ltr'>gentis</span> <span class='ocrx_word' id='word_1_170' title='bbox 3099 2610 3522 2687; x_wconf 87' lang='lat' dir='ltr'>Israeliticae</span> <span class='ocrx_word' id='word_1_171' title='bbox 3571 2608 3932 2683; x_wconf 84' lang='lat' dir='ltr'>historiam</span> <span class='ocrx_word' id='word_1_172' title='bbox 3987 2627 4186 2703; x_wconf 85' lang='lat' dir='ltr'>expo·</span> 
     </span>
     <span class='ocr_line' id='line_1_18' title="bbox 1148 2725 4185 2833; baseline -0.001 -33"><span class='ocrx_word' id='word_1_173' title='bbox 1148 2750 1311 2801; x_wconf 90' lang='lat' dir='ltr'>nere</span> <span class='ocrx_word' id='word_1_174' title='bbox 1376 2728 1727 2819; x_wconf 89' lang='lat' dir='ltr'>solebant;</span> <span class='ocrx_word' id='word_1_175' title='bbox 1790 2731 2053 2819; x_wconf 88' lang='lat' dir='ltr'>altera,</span> <span class='ocrx_word' id='word_1_176' title='bbox 2117 2731 2363 2821; x_wconf 87' lang='lat' dir='ltr'>docta,</span> <span class='ocrx_word' id='word_1_177' title='bbox 2427 2757 2882 2833; x_wconf 89' lang='lat' dir='ltr'>quaecunque</span> <span class='ocrx_word' id='word_1_178' title='bbox 2926 2731 3001 2806; x_wconf 91' lang='lat' dir='ltr'>in</span> <span class='ocrx_word' id='word_1_179' title='bbox 3047 2730 3491 2830; x_wconf 87' lang='lat' dir='ltr'>chronologia</span> <span class='ocrx_word' id='word_1_180' title='bbox 3539 2736 3662 2805; x_wconf 86' lang='lat' dir='ltr'>aut</span> <span class='ocrx_word' id='word_1_181' title='bbox 3705 2727 3779 2801; x_wconf 92' lang='lat' dir='ltr'>in</span> <span class='ocrx_word' id='word_1_182' title='bbox 3828 2725 4000 2824; x_wconf 89' lang='lat' dir='ltr'>ipsis</span> <span class='ocrx_word' id='word_1_183' title='bbox 4039 2746 4185 2799; x_wconf 88' lang='lat' dir='ltr'>nar-</span> 
     </span>
     <span class='ocr_line' id='line_1_19' title="bbox 1144 2842 4188 2949; baseline -0.002 -29"><span class='ocrx_word' id='word_1_184' title='bbox 1144 2846 1529 2923; x_wconf 83' lang='lat' dir='ltr'>rationibus</span> <span class='ocrx_word' id='word_1_185' title='bbox 1587 2872 1839 2948; x_wconf 89' lang='lat' dir='ltr'>parum</span> <span class='ocrx_word' id='word_1_186' title='bbox 1888 2874 2266 2949; x_wconf 81' lang='lat' dir='ltr'>congruere</span> <span class='ocrx_word' id='word_1_187' title='bbox 2328 2850 2782 2940; x_wconf 87' lang='lat' dir='ltr'>videbantur,</span> <span class='ocrx_word' id='word_1_188' title='bbox 2849 2872 3108 2949; x_wconf 83' lang='lat' dir='ltr'>magua</span> <span class='ocrx_word' id='word_1_189' title='bbox 3158 2872 3362 2947; x_wconf 88' lang='lat' dir='ltr'>saepe</span> <span class='ocrx_word' id='word_1_190' title='bbox 3419 2844 3778 2921; x_wconf 88' lang='lat' dir='ltr'>doctrinae</span> <span class='ocrx_word' id='word_1_191' title='bbox 3833 2842 4016 2917; x_wconf 89' lang='lat' dir='ltr'>mole</span> <span class='ocrx_word' id='word_1_192' title='bbox 4072 2864 4188 2915; x_wconf 87' lang='lat' dir='ltr'>usa</span> 
     </span>
     <span class='ocr_line' id='line_1_20' title="bbox 1149 2940 4189 3073; baseline -0.002 -32"><span class='ocrx_word' id='word_1_193' title='bbox 1149 2966 1377 3042; x_wconf 91' lang='lat' dir='ltr'>dicam</span> <span class='ocrx_word' id='word_1_194' title='bbox 1435 2964 1525 3044; x_wconf 86' lang='lat' dir='ltr'>an</span> <span class='ocrx_word' id='word_1_195' title='bbox 1584 2968 1848 3061; x_wconf 87' lang='lat' dir='ltr'>abusa,</span> <span class='ocrx_word' id='word_1_196' title='bbox 1912 2970 1987 3046; x_wconf 91' lang='lat' dir='ltr'>in</span> <span class='ocrx_word' id='word_1_197' title='bbox 2042 2972 2483 3050; x_wconf 82' lang='lat' dir='ltr'>concordiam</span> <span class='ocrx_word' id='word_1_198' title='bbox 2545 2972 2900 3073; x_wconf 83' lang='lat' dir='ltr'>redigere,</span> <span class='ocrx_word' id='word_1_199' title='bbox 2959 2967 3357 3045; x_wconf 87' lang='lat' dir='ltr'>obscuriora</span> <span class='ocrx_word' id='word_1_200' title='bbox 3401 2965 3748 3042; x_wconf 87' lang='lat' dir='ltr'>illustrare</span> <span class='ocrx_word' id='word_1_201' title='bbox 3795 2940 4189 3038; x_wconf 87' lang='lat' dir='ltr'>conabatur.</span> 
     </span>
     <span class='ocr_line' id='line_1_21' title="bbox 1149 3086 4191 3190; baseline -0.002 -26"><span class='ocrx_word' id='word_1_202' title='bbox 1149 3089 1649 3190; x_wconf 81' lang='lat' dir='ltr'>Antiquiorum·</span> <span class='ocrx_word' id='word_1_203' title='bbox 1696 3089 1807 3166; x_wconf 90' lang='lat' dir='ltr'>his</span> <span class='ocrx_word' id='word_1_204' title='bbox 1856 3090 1933 3168; x_wconf 91' lang='lat' dir='ltr'>in</span> <span class='ocrx_word' id='word_1_205' title='bbox 1984 3091 2197 3170; x_wconf 92' lang='lat' dir='ltr'>rebus</span> <span class='ocrx_word' id='word_1_206' title='bbox 2246 3092 2519 3170; x_wconf 88' lang='lat' dir='ltr'>labores</span> <span class='ocrx_word' id='word_1_207' title='bbox 2569 3117 2712 3170; x_wconf 83' lang='lat' dir='ltr'>non</span> <span class='ocrx_word' id='word_1_208' title='bbox 2768 3098 3184 3179; x_wconf 86' lang='lat' dir='ltr'>contemno,</span> <span class='ocrx_word' id='word_1_209' title='bbox 3229 3088 3376 3164; x_wconf 92' lang='lat' dir='ltr'>imo</span> <span class='ocrx_word' id='word_1_210' title='bbox 3417 3086 3803 3162; x_wconf 80' lang='lat' dir='ltr'>etiamnum</span> <span class='ocrx_word' id='word_1_211' title='bbox 3849 3107 3992 3160; x_wconf 92' lang='lat' dir='ltr'>non</span> <span class='ocrx_word' id='word_1_212' title='bbox 4046 3105 4191 3182; x_wconf 84' lang='lat' dir='ltr'>par-</span> 
     </span>
     <span class='ocr_line' id='line_1_22' title="bbox 1152 3203 4186 3313; baseline -0.001 -30"><span class='ocrx_word' id='word_1_213' title='bbox 1152 3235 1308 3286; x_wconf 90' lang='lat' dir='ltr'>vam</span> <span class='ocrx_word' id='word_1_214' title='bbox 1364 3211 1527 3288; x_wconf 90' lang='lat' dir='ltr'>inde</span> <span class='ocrx_word' id='word_1_215' title='bbox 1592 3212 1855 3313; x_wconf 88' lang='lat' dir='ltr'>percipi</span> <span class='ocrx_word' id='word_1_216' title='bbox 1910 3237 2113 3313; x_wconf 87' lang='lat' dir='ltr'>posse</span> <span class='ocrx_word' id='word_1_217' title='bbox 2164 3213 2544 3290; x_wconf 84' lang='lat' dir='ltr'>utilitatem</span> <span class='ocrx_word' id='word_1_218' title='bbox 2599 3213 2850 3290; x_wconf 91' lang='lat' dir='ltr'>lubens</span> <span class='ocrx_word' id='word_1_219' title='bbox 2898 3233 3198 3312; x_wconf 85' lang='lat' dir='ltr'>agnosco</span> <span class='ocrx_word' id='word_1_220' title='bbox 3216 3266 3239 3298; x_wconf 92' lang='lat'>,</span> <span class='ocrx_word' id='word_1_221' title='bbox 3297 3231 3526 3307; x_wconf 90' lang='lat' dir='ltr'>neque</span> <span class='ocrx_word' id='word_1_222' title='bbox 3577 3203 3891 3282; x_wconf 84' lang='lat' dir='ltr'>methodi</span> <span class='ocrx_word' id='word_1_223' title='bbox 3907 3261 3929 3294; x_wconf 86' lang='lat'>,</span> <span class='ocrx_word' id='word_1_224' title='bbox 3981 3225 4186 3304; x_wconf 83' lang='lat' dir='ltr'>quam</span> 
     </span>
     <span class='ocr_line' id='line_1_23' title="bbox 1152 3325 4192 3433; baseline -0.003 -29"><span class='ocrx_word' id='word_1_225' title='bbox 1152 3329 1655 3430; x_wconf 86' lang='lat' dir='ltr'>sequebantur,</span> <span class='ocrx_word' id='word_1_226' title='bbox 1715 3332 1883 3408; x_wconf 84' lang='lat' dir='ltr'>vitia</span> <span class='ocrx_word' id='word_1_227' title='bbox 1936 3334 2410 3433; x_wconf 88' lang='lat' dir='ltr'>perstringens</span> <span class='ocrx_word' id='word_1_228' title='bbox 2471 3334 2661 3433; x_wconf 89' lang='lat' dir='ltr'>ipsos</span> <span class='ocrx_word' id='word_1_229' title='bbox 2709 3330 3214 3431; x_wconf 87' lang='lat' dir='ltr'>reprehendere</span> <span class='ocrx_word' id='word_1_230' title='bbox 3260 3327 3526 3404; x_wconf 87' lang='lat' dir='ltr'>censeri</span> <span class='ocrx_word' id='word_1_231' title='bbox 3569 3326 3760 3414; x_wconf 81' lang='lat' dir='ltr'>volo;</span> <span class='ocrx_word' id='word_1_232' title='bbox 3829 3349 4074 3400; x_wconf 81' lang='lat' dir='ltr'>verum</span> <span class='ocrx_word' id='word_1_233' title='bbox 4117 3325 4192 3396; x_wconf 88' lang='lat' dir='ltr'>ut</span> 
     </span>
     <span class='ocr_line' id='line_1_24' title="bbox 1158 3443 4194 3552; baseline -0.002 -30"><span class='ocrx_word' id='word_1_234' title='bbox 1158 3452 1485 3526; x_wconf 72' lang='lat' dir='ltr'>historiae</span> <span class='ocrx_word' id='word_1_235' title='bbox 1532 3451 1814 3528; x_wconf 89' lang='lat' dir='ltr'>nomine</span> <span class='ocrx_word' id='word_1_236' title='bbox 1866 3452 2080 3552; x_wconf 89' lang='lat' dir='ltr'>digna</span> <span class='ocrx_word' id='word_1_237' title='bbox 2130 3452 2223 3528; x_wconf 90' lang='lat' dir='ltr'>sit</span> <span class='ocrx_word' id='word_1_238' title='bbox 2266 3451 2663 3530; x_wconf 88' lang='lat' dir='ltr'>istiusmodi</span> <span class='ocrx_word' id='word_1_239' title='bbox 2703 3451 3004 3526; x_wconf 87' lang='lat' dir='ltr'>fatorum</span> <span class='ocrx_word' id='word_1_240' title='bbox 3049 3447 3292 3550; x_wconf 90' lang='lat' dir='ltr'>populi</span> <span class='ocrx_word' id='word_1_241' title='bbox 3323 3446 3662 3524; x_wconf 79' lang='lat' dir='ltr'>enarratio</span> <span class='ocrx_word' id='word_1_242' title='bbox 3675 3505 3698 3534; x_wconf 89' lang='lat'><em>,</em></span> <span class='ocrx_word' id='word_1_243' title='bbox 3745 3443 3940 3520; x_wconf 89' lang='lat' dir='ltr'>haud</span> <span class='ocrx_word' id='word_1_244' title='bbox 3979 3465 4194 3543; x_wconf 87' lang='lat' dir='ltr'>pauca</span> 
     </span>
     <span class='ocr_line' id='line_1_25' title="bbox 1160 3560 4194 3653; baseline -0.002 -10"><span class='ocrx_word' id='word_1_245' title='bbox 1160 3570 1677 3646; x_wconf 82' lang='lat' dir='ltr'>desiderantur:</span> <span class='ocrx_word' id='word_1_246' title='bbox 1769 3571 2083 3648; x_wconf 89' lang='lat' dir='ltr'>criticum</span> <span class='ocrx_word' id='word_1_247' title='bbox 2160 3572 2420 3648; x_wconf 87' lang='lat' dir='ltr'>seilicet</span> <span class='ocrx_word' id='word_1_248' title='bbox 2484 3571 2784 3648; x_wconf 82' lang='lat' dir='ltr'>fontium</span> <span class='ocrx_word' id='word_1_249' title='bbox 2850 3593 3142 3646; x_wconf 85' lang='lat' dir='ltr'>examen</span> <span class='ocrx_word' id='word_1_250' title='bbox 3203 3576 3278 3644; x_wconf 91' lang='lat' dir='ltr'>et</span> <span class='ocrx_word' id='word_1_251' title='bbox 3341 3567 3648 3643; x_wconf 85' lang='lat' dir='ltr'>historici</span> <span class='ocrx_word' id='word_1_252' title='bbox 3715 3565 3994 3642; x_wconf 89' lang='lat' dir='ltr'>animus</span> <span class='ocrx_word' id='word_1_253' title='bbox 4011 3621 4035 3653; x_wconf 86' lang='lat'>‚</span> <span class='ocrx_word' id='word_1_254' title='bbox 4111 3560 4194 3637; x_wconf 88' lang='lat' dir='ltr'>ad</span> 
     </span>
     <span class='ocr_line' id='line_1_26' title="bbox 1162 3687 4194 3793; baseline -0.001 -31"><span class='ocrx_word' id='word_1_255' title='bbox 1162 3689 1389 3788; x_wconf 91' lang='lat' dir='ltr'>ipsam</span> <span class='ocrx_word' id='word_1_256' title='bbox 1429 3695 1711 3790; x_wconf 86' lang='lat' dir='ltr'>gentem</span> <span class='ocrx_word' id='word_1_257' title='bbox 1747 3691 2037 3793; x_wconf 91' lang='lat' dir='ltr'>eiusque</span> <span class='ocrx_word' id='word_1_258' title='bbox 2074 3692 2219 3768; x_wconf 86' lang='lat' dir='ltr'>fata</span> <span class='ocrx_word' id='word_1_259' title='bbox 2258 3693 2531 3767; x_wconf 86' lang='lat' dir='ltr'>interna</span> <span class='ocrx_word' id='word_1_260' title='bbox 2585 3697 2916 3768; x_wconf 89' lang='lat' dir='ltr'>attentus.</span> <span class='ocrx_word' id='word_1_261' title='bbox 3014 3689 3336 3768; x_wconf 75' lang='lat' dir='ltr'>Alterum</span> <span class='ocrx_word' id='word_1_262' title='bbox 3379 3713 3544 3764; x_wconf 88' lang='lat' dir='ltr'>cum</span> <span class='ocrx_word' id='word_1_263' title='bbox 3591 3687 3808 3764; x_wconf 80' lang='lat' dir='ltr'>altero</span> <span class='ocrx_word' id='word_1_264' title='bbox 3857 3691 4046 3760; x_wconf 87' lang='lat' dir='ltr'>arcte</span> <span class='ocrx_word' id='word_1_265' title='bbox 4091 3705 4194 3758; x_wconf 88' lang='lat' dir='ltr'>co-</span> 
     </span>
     <span class='ocr_line' id='line_1_27' title="bbox 1162 3807 4195 3913; baseline -0.003 -27"><span class='ocrx_word' id='word_1_266' title='bbox 1162 3809 1522 3886; x_wconf 84' lang='lat' dir='ltr'>haerebat:</span> <span class='ocrx_word' id='word_1_267' title='bbox 1590 3810 1846 3911; x_wconf 87' lang='lat' dir='ltr'>dogma</span> <span class='ocrx_word' id='word_1_268' title='bbox 1887 3816 2439 3898; x_wconf 72' lang='grc' dir='ltr'><strong><em>θεοπνωστίας</em></strong></span> <span class='ocrx_word' id='word_1_269' title='bbox 2482 3811 2908 3913; x_wconf 87' lang='lat' dir='ltr'>antiquiores</span> <span class='ocrx_word' id='word_1_270' title='bbox 2951 3835 3036 3886; x_wconf 90' lang='lat' dir='ltr'>ea</span> <span class='ocrx_word' id='word_1_271' title='bbox 3089 3808 3534 3885; x_wconf 88' lang='lat' dir='ltr'>vindicabant</span> <span class='ocrx_word' id='word_1_272' title='bbox 3577 3807 3842 3894; x_wconf 87' lang='lat' dir='ltr'>forma,</span> <span class='ocrx_word' id='word_1_273' title='bbox 3905 3811 3992 3878; x_wconf 91' lang='lat' dir='ltr'>ut</span> <span class='ocrx_word' id='word_1_274' title='bbox 4039 3826 4195 3904; x_wconf 86' lang='lat' dir='ltr'>prae</span> 
     </span>
     <span class='ocr_line' id='line_1_28' title="bbox 1164 3919 4192 4033; baseline -0.003 -28"><span class='ocrx_word' id='word_1_275' title='bbox 1164 3929 1491 4028; x_wconf 85' lang='lat' dir='ltr'>primario</span> <span class='ocrx_word' id='word_1_276' title='bbox 1557 3931 1802 4006; x_wconf 86' lang='lat' dir='ltr'>Sacrae</span> <span class='ocrx_word' id='word_1_277' title='bbox 1860 3933 2255 4033; x_wconf 79' lang='lat' dir='ltr'>Scripturas</span> <span class='ocrx_word' id='word_1_278' title='bbox 2300 3939 2616 4022; x_wconf 88' lang='lat' dir='ltr'>auctore,</span> <span class='ocrx_word' id='word_1_279' title='bbox 2667 3928 3154 4008; x_wconf 86' lang='lat' dir='ltr'>secundarium</span> <span class='ocrx_word' id='word_1_280' title='bbox 3197 3935 3356 4004; x_wconf 85' lang='lat' dir='ltr'>tuto</span> <span class='ocrx_word' id='word_1_281' title='bbox 3401 3925 3754 4028; x_wconf 84' lang='lat' dir='ltr'>negligere</span> <span class='ocrx_word' id='word_1_282' title='bbox 3806 3949 4039 4025; x_wconf 90' lang='lat' dir='ltr'>posse</span> <span class='ocrx_word' id='word_1_283' title='bbox 4067 3919 4192 3998; x_wconf 88' lang='lat' dir='ltr'>sibi</span> 
     </span>
     <span class='ocr_line' id='line_1_29' title="bbox 1164 4043 4194 4152; baseline -0.003 -31"><span class='ocrx_word' id='word_1_284' title='bbox 1164 4047 1597 4141; x_wconf 88' lang='lat' dir='ltr'>viderentur,</span> <span class='ocrx_word' id='word_1_285' title='bbox 1662 4075 1889 4152; x_wconf 88' lang='lat' dir='ltr'>neque</span> <span class='ocrx_word' id='word_1_286' title='bbox 1950 4053 2045 4128; x_wconf 91' lang='lat' dir='ltr'>ad</span> <span class='ocrx_word' id='word_1_287' title='bbox 2101 4060 2441 4142; x_wconf 87' lang='lat' dir='ltr'>aetatem,</span> <span class='ocrx_word' id='word_1_288' title='bbox 2512 4075 2652 4151; x_wconf 91' lang='lat' dir='ltr'>qua</span> <span class='ocrx_word' id='word_1_289' title='bbox 2710 4051 3003 4140; x_wconf 87' lang='lat' dir='ltr'>viveret,</span> <span class='ocrx_word' id='word_1_290' title='bbox 3059 4049 3162 4125; x_wconf 88' lang='lat' dir='ltr'>ad</span> <span class='ocrx_word' id='word_1_291' title='bbox 3228 4048 3456 4124; x_wconf 83' lang='lat' dir='ltr'>fontes</span> <span class='ocrx_word' id='word_1_292' title='bbox 3519 4046 3822 4124; x_wconf 84' lang='lat' dir='ltr'>maxime</span> <span class='ocrx_word' id='word_1_293' title='bbox 3891 4043 4194 4120; x_wconf 83' lang='lat' dir='ltr'>diversos</span> 
     </span>
     <span class='ocr_line' id='line_1_30' title="bbox 1162 4161 4194 4272; baseline -0.002 -30"><span class='ocrx_word' id='word_1_294' title='bbox 1162 4168 1555 4260; x_wconf 90' lang='lat' dir='ltr'>interdum,</span> <span class='ocrx_word' id='word_1_295' title='bbox 1622 4171 1881 4272; x_wconf 90' lang='lat' dir='ltr'>quibus</span> <span class='ocrx_word' id='word_1_296' title='bbox 1944 4181 2295 4264; x_wconf 88' lang='lat' dir='ltr'>uteretur,</span> <span class='ocrx_word' id='word_1_297' title='bbox 2354 4173 2450 4248; x_wconf 89' lang='lat' dir='ltr'>ad</span> <span class='ocrx_word' id='word_1_298' title='bbox 2509 4170 2944 4271; x_wconf 88' lang='lat' dir='ltr'>singulorum</span> <span class='ocrx_word' id='word_1_299' title='bbox 3009 4168 3311 4267; x_wconf 90' lang='lat' dir='ltr'>denique</span> <span class='ocrx_word' id='word_1_300' title='bbox 3371 4167 3708 4243; x_wconf 90' lang='lat' dir='ltr'>librorum</span> <span class='ocrx_word' id='word_1_301' title='bbox 3769 4161 4194 4242; x_wconf 86' lang='lat' dir='ltr'>authentiam</span> 
     </span>
     <span class='ocr_line' id='line_1_31' title="bbox 1162 4278 4195 4390; baseline -0.002 -28"><span class='ocrx_word' id='word_1_302' title='bbox 1162 4295 1237 4362; x_wconf 91' lang='lat' dir='ltr'>et</span> <span class='ocrx_word' id='word_1_303' title='bbox 1278 4288 1751 4390; x_wconf 87' lang='lat' dir='ltr'>integritatem</span> <span class='ocrx_word' id='word_1_304' title='bbox 1798 4293 2155 4370; x_wconf 88' lang='lat' dir='ltr'>attendere</span> <span class='ocrx_word' id='word_1_305' title='bbox 2201 4293 2668 4370; x_wconf 89' lang='lat' dir='ltr'>necessarium</span> <span class='ocrx_word' id='word_1_306' title='bbox 2721 4290 3072 4368; x_wconf 89' lang='lat' dir='ltr'>ducerent.</span> <span class='ocrx_word' id='word_1_307' title='bbox 3172 4287 3501 4364; x_wconf 86' lang='lat' dir='ltr'>Divinam</span> <span class='ocrx_word' id='word_1_308' title='bbox 3553 4311 3756 4386; x_wconf 91' lang='lat' dir='ltr'>porro</span> <span class='ocrx_word' id='word_1_309' title='bbox 3800 4285 3878 4359; x_wconf 89' lang='lat' dir='ltr'>in</span> <span class='ocrx_word' id='word_1_310' title='bbox 3918 4278 4195 4359; x_wconf 74' lang='lat' dir='ltr'>historin</span> 
     </span>
     <span class='ocr_line' id='line_1_32' title="bbox 1166 4397 4194 4515; baseline -0.002 -33"><span class='ocrx_word' id='word_1_311' title='bbox 1166 4409 1395 4508; x_wconf 89' lang='lat' dir='ltr'>gentis</span> <span class='ocrx_word' id='word_1_312' title='bbox 1447 4411 1863 4490; x_wconf 82' lang='lat' dir='ltr'>Israelitieae</span> <span class='ocrx_word' id='word_1_313' title='bbox 1924 4422 2378 4514; x_wconf 86' lang='lat' dir='ltr'>agnoscentes</span> <span class='ocrx_word' id='word_1_314' title='bbox 2429 4412 2918 4489; x_wconf 85' lang='lat' dir='ltr'>revelationem</span> <span class='ocrx_word' id='word_1_315' title='bbox 2969 4417 3041 4485; x_wconf 87' lang='lat' dir='ltr'>et</span> <span class='ocrx_word' id='word_1_316' title='bbox 3084 4407 3500 4510; x_wconf 86' lang='lat' dir='ltr'>peculiarem</span> <span class='ocrx_word' id='word_1_317' title='bbox 3545 4406 3726 4481; x_wconf 89' lang='lat' dir='ltr'>circa</span> <span class='ocrx_word' id='word_1_318' title='bbox 3779 4429 3934 4515; x_wconf 79' lang='lat' dir='ltr'>eam</span> <span class='ocrx_word' id='word_1_319' title='bbox 3977 4397 4194 4502; x_wconf 78' lang='lat' dir='ltr'>provi·</span> 
     </span>
     <span class='ocr_line' id='line_1_33' title="bbox 1170 4521 4192 4633; baseline -0.003 -34"><span class='ocrx_word' id='word_1_320' title='bbox 1170 4527 1445 4604; x_wconf 87' lang='lat' dir='ltr'>dentiae</span> <span class='ocrx_word' id='word_1_321' title='bbox 1510 4555 1744 4608; x_wconf 86' lang='lat' dir='ltr'>euram</span> <span class='ocrx_word' id='word_1_322' title='bbox 1760 4591 1779 4622; x_wconf 92' lang='lat'>,</span> <span class='ocrx_word' id='word_1_323' title='bbox 1850 4533 2029 4610; x_wconf 86' lang='lat' dir='ltr'>hanc</span> <span class='ocrx_word' id='word_1_324' title='bbox 2092 4535 2192 4610; x_wconf 86' lang='lat' dir='ltr'>ita</span> <span class='ocrx_word' id='word_1_325' title='bbox 2260 4531 2740 4633; x_wconf 89' lang='lat' dir='ltr'>proponebant</span> <span class='ocrx_word' id='word_1_326' title='bbox 2808 4535 3211 4630; x_wconf 86' lang='lat' dir='ltr'>operantem</span> <span class='ocrx_word' id='word_1_327' title='bbox 3226 4583 3248 4613; x_wconf 87' lang='lat'><strong>,</strong></span> <span class='ocrx_word' id='word_1_328' title='bbox 3318 4532 3400 4598; x_wconf 93' lang='lat' dir='ltr'>ut</span> <span class='ocrx_word' id='word_1_329' title='bbox 3465 4523 3602 4622; x_wconf 86' lang='lat' dir='ltr'>ipsi</span> <span class='ocrx_word' id='word_1_330' title='bbox 3653 4521 3912 4622; x_wconf 87' lang='lat' dir='ltr'>populo</span> <span class='ocrx_word' id='word_1_331' title='bbox 3929 4602 3950 4618; x_wconf 81' lang='lat'>.</span> <span class='ocrx_word' id='word_1_332' title='bbox 3969 4525 4192 4618; x_wconf 83' lang='lat' dir='ltr'>partes</span> 
     </span>
     <span class='ocr_line' id='line_1_34' title="bbox 1168 4639 4188 4746; baseline -0.003 -26"><span class='ocrx_word' id='word_1_333' title='bbox 1168 4644 1401 4720; x_wconf 85' lang='lat' dir='ltr'>nullae</span> <span class='ocrx_word' id='word_1_334' title='bbox 1472 4658 1925 4746; x_wconf 87' lang='lat' dir='ltr'>superessent.</span> <span class='ocrx_word' id='word_1_335' title='bbox 2046 4651 2388 4730; x_wconf 84' lang='lat' dir='ltr'>Eamdem</span> <span class='ocrx_word' id='word_1_336' title='bbox 2455 4647 2996 4726; x_wconf 85' lang='lat' dir='ltr'>animadvertitis</span> <span class='ocrx_word' id='word_1_337' title='bbox 3075 4645 3440 4744; x_wconf 83' lang='lat' dir='ltr'>utriusque</span> <span class='ocrx_word' id='word_1_338' title='bbox 3507 4641 3753 4718; x_wconf 86' lang='lat' dir='ltr'>erroris</span> <span class='ocrx_word' id='word_1_339' title='bbox 3817 4639 4188 4739; x_wconf 83' lang='lat' dir='ltr'>originem:</span> 
     </span>
     <span class='ocr_line' id='line_1_35' title="bbox 1168 4760 4188 4868; baseline -0.002 -30"><span class='ocrx_word' id='word_1_340' title='bbox 1168 4789 1519 4866; x_wconf 83' lang='lat' dir='ltr'>nusquam</span> <span class='ocrx_word' id='word_1_341' title='bbox 1584 4777 1821 4846; x_wconf 87' lang='lat' dir='ltr'>autem</span> <span class='ocrx_word' id='word_1_342' title='bbox 1880 4771 2129 4848; x_wconf 88' lang='lat' dir='ltr'>clarius</span> <span class='ocrx_word' id='word_1_343' title='bbox 2170 4771 2283 4848; x_wconf 90' lang='lat' dir='ltr'>hic</span> <span class='ocrx_word' id='word_1_344' title='bbox 2333 4769 2629 4848; x_wconf 88' lang='lat' dir='ltr'>eminuit</span> <span class='ocrx_word' id='word_1_345' title='bbox 2675 4793 2890 4868; x_wconf 85' lang='lat' dir='ltr'>quam</span> <span class='ocrx_word' id='word_1_346' title='bbox 2933 4769 3012 4845; x_wconf 91' lang='lat' dir='ltr'>in</span> <span class='ocrx_word' id='word_1_347' title='bbox 3065 4767 3558 4868; x_wconf 85' lang='lat' dir='ltr'>prophetarum</span> <span class='ocrx_word' id='word_1_348' title='bbox 3600 4763 3936 4840; x_wconf 91' lang='lat' dir='ltr'>librorum</span> <span class='ocrx_word' id='word_1_349' title='bbox 3984 4760 4188 4833; x_wconf 86' lang='lat' dir='ltr'>inter-</span> 
     </span>
    </p>
   </div>
  </div>
 </body>
</html>
