<?xml version="1.0" encoding="UTF-8"?>
<!DOCTYPE html PUBLIC "-//W3C//DTD XHTML 1.0 Transitional//EN"
    "http://www.w3.org/TR/xhtml1/DTD/xhtml1-transitional.dtd">
<html xmlns="http://www.w3.org/1999/xhtml" xml:lang="en" lang="en">
 <head>
  <title>
</title>
<meta http-equiv="Content-Type" content="text/html;charset=utf-8" />
  <meta name='ocr-system' content='tesseract 3.04.00' />
  <meta name='ocr-capabilities' content='ocr_page ocr_carea ocr_par ocr_line ocrx_word'/>
</head>
<body>
  <div class='ocr_page' id='page_1' title='image "annalesacademic02confgoog_0400.png"; bbox 0 0 4766 6034; ppageno 0'>
   <div class='ocr_carea' id='block_1_1' title="bbox 1241 592 3354 705">
    <p class='ocr_par' dir='ltr' id='par_1_1' title="bbox 1241 592 3354 705">
     <span class='ocr_line' id='line_1_1' title="bbox 1241 592 3354 705; baseline -0.003 -39"><span class='ocrx_word' id='word_1_1' title='bbox 1241 602 1369 668; x_wconf 84' lang='lat'><strong>108</strong></span> <span class='ocrx_word' id='word_1_2' title='bbox 2183 598 2254 663; x_wconf 89' lang='grc' dir='ltr'><strong>Ε.</strong></span> <span class='ocrx_word' id='word_1_3' title='bbox 2325 594 2821 664; x_wconf 79' lang='lat' dir='ltr'><strong>11.·V1NKE</strong></span> <span class='ocrx_word' id='word_1_4' title='bbox 2908 592 3354 705; x_wconf 54' lang='lat' dir='ltr'><strong>0RA&#39;1210.</strong></span> 
     </span>
    </p>
   </div>
   <div class='ocr_carea' id='block_1_2' title="bbox 1238 778 4221 1023">
    <p class='ocr_par' dir='ltr' id='par_1_2' title="bbox 1238 778 4221 1023">
     <span class='ocr_line' id='line_1_2' title="bbox 1334 778 4221 901; baseline -0.001 -23"><span class='ocrx_word' id='word_1_5' title='bbox 1334 806 1435 878; x_wconf 90' lang='lat' dir='ltr'><strong>II.</strong></span> <span class='ocrx_word' id='word_1_6' title='bbox 1499 864 1506 869; x_wconf 86' lang='lat'><strong>.</strong></span> <span class='ocrx_word' id='word_1_7' title='bbox 1540 805 1936 883; x_wconf 81' lang='lat' dir='ltr'><strong>Quamnam</strong></span> <span class='ocrx_word' id='word_1_8' title='bbox 2005 800 2579 901; x_wconf 88' lang='lat' dir='ltr'><strong>significationem</strong></span> <span class='ocrx_word' id='word_1_9' title='bbox 2630 778 3025 877; x_wconf 88' lang='lat' dir='ltr'><strong>tribuerunt</strong></span> <span class='ocrx_word' id='word_1_10' title='bbox 3072 804 3481 877; x_wconf 88' lang='lat' dir='ltr'><strong>Geometrae</strong></span> <span class='ocrx_word' id='word_1_11' title='bbox 3530 801 3936 895; x_wconf 83' lang='lat' dir='ltr'><strong>recentiores</strong></span> <span class='ocrx_word' id='word_1_12' title='bbox 3989 804 4221 901; x_wconf 84' lang='lat' dir='ltr'><strong>quanti-</strong></span> 
     </span>
     <span class='ocr_line' id='line_1_3' title="bbox 1238 919 3837 1023; baseline -0.001 -23"><span class='ocrx_word' id='word_1_13' title='bbox 1238 925 1506 1001; x_wconf 81' lang='lat' dir='ltr'><strong>tatibus</strong></span> <span class='ocrx_word' id='word_1_14' title='bbox 1527 984 1548 1015; x_wconf 91' lang='lat'><em>,</em></span> <span class='ocrx_word' id='word_1_15' title='bbox 1599 948 1777 1023; x_wconf 92' lang='lat' dir='ltr'><strong>quae</strong></span> <span class='ocrx_word' id='word_1_16' title='bbox 1827 920 2189 1009; x_wconf 89' lang='lat' dir='ltr'><strong>dicuntur,</strong></span> <span class='ocrx_word' id='word_1_17' title='bbox 2240 919 2670 1019; x_wconf 88' lang='lat' dir='ltr'><strong>imaginariis</strong></span> <span class='ocrx_word' id='word_1_18' title='bbox 2720 922 2791 996; x_wconf 86' lang='lat' dir='ltr'><strong>in</strong></span> <span class='ocrx_word' id='word_1_19' title='bbox 2843 923 3239 1013; x_wconf 80' lang='lat' dir='ltr'><strong>Geometria</strong></span> <span class='ocrx_word' id='word_1_20' title='bbox 3257 982 3277 1011; x_wconf 90' lang='lat'><em>,</em></span> <span class='ocrx_word' id='word_1_21' title='bbox 3329 929 3400 998; x_wconf 90' lang='lat' dir='ltr'><strong>et</strong></span> <span class='ocrx_word' id='word_1_22' title='bbox 3448 947 3589 1022; x_wconf 92' lang='lat' dir='ltr'><strong>quo</strong></span> <span class='ocrx_word' id='word_1_23' title='bbox 3634 924 3837 997; x_wconf 77' lang='lat' dir='ltr'><strong>iure?</strong></span> 
     </span>
    </p>
   </div>
   <div class='ocr_carea' id='block_1_3' title="bbox 1234 1161 4232 1745">
    <p class='ocr_par' dir='ltr' id='par_1_3' title="bbox 1234 1161 4232 1745">
     <span class='ocr_line' id='line_1_4' title="bbox 1336 1161 4231 1262; baseline -0 -26"><span class='ocrx_word' id='word_1_24' title='bbox 1336 1164 1597 1239; x_wconf 90' lang='lat' dir='ltr'><strong>Videor</strong></span> <span class='ocrx_word' id='word_1_25' title='bbox 1641 1164 1814 1238; x_wconf 90' lang='lat' dir='ltr'><strong>mihi</strong></span> <span class='ocrx_word' id='word_1_26' title='bbox 1860 1162 1994 1237; x_wconf 90' lang='lat' dir='ltr'><strong>iam</strong></span> <span class='ocrx_word' id='word_1_27' title='bbox 2047 1161 2276 1235; x_wconf 87' lang='lat' dir='ltr'><strong>videre</strong></span> <span class='ocrx_word' id='word_1_28' title='bbox 2324 1161 2508 1235; x_wconf 88' lang='lat' dir='ltr'><strong>inter</strong></span> <span class='ocrx_word' id='word_1_29' title='bbox 2556 1186 2674 1235; x_wconf 90' lang='lat' dir='ltr'><strong>vos</strong></span> <span class='ocrx_word' id='word_1_30' title='bbox 2694 1219 2713 1250; x_wconf 90' lang='lat'>,</span> <span class='ocrx_word' id='word_1_31' title='bbox 2780 1164 2905 1262; x_wconf 91' lang='lat' dir='ltr'><strong>qui</strong></span> <span class='ocrx_word' id='word_1_32' title='bbox 2949 1163 3239 1239; x_wconf 88' lang='lat' dir='ltr'><strong>honesto</strong></span> <span class='ocrx_word' id='word_1_33' title='bbox 3288 1164 3671 1262; x_wconf 89' lang='lat' dir='ltr'><strong>decoroque</strong></span> <span class='ocrx_word' id='word_1_34' title='bbox 3714 1163 3989 1238; x_wconf 91' lang='lat' dir='ltr'><strong>honoris</strong></span> <span class='ocrx_word' id='word_1_35' title='bbox 4036 1164 4231 1238; x_wconf 87' lang='lat' dir='ltr'><strong>studio</strong></span> 
     </span>
     <span class='ocr_line' id='line_1_5' title="bbox 1237 1281 4229 1385; baseline -0.002 -25"><span class='ocrx_word' id='word_1_36' title='bbox 1237 1288 1608 1385; x_wconf 86' lang='lat' dir='ltr'><strong>flagrantes</strong></span> <span class='ocrx_word' id='word_1_37' title='bbox 1629 1344 1649 1373; x_wconf 89' lang='lat'><em>,</em></span> <span class='ocrx_word' id='word_1_38' title='bbox 1700 1282 1939 1358; x_wconf 89' lang='lat' dir='ltr'><strong>audita</strong></span> <span class='ocrx_word' id='word_1_39' title='bbox 1973 1281 2102 1357; x_wconf 91' lang='lat' dir='ltr'><strong>hac</strong></span> <span class='ocrx_word' id='word_1_40' title='bbox 2129 1281 2342 1373; x_wconf 17' lang='lat' dir='ltr'><strong>‘illave</strong></span> <span class='ocrx_word' id='word_1_41' title='bbox 2386 1282 2789 1380; x_wconf 83' lang='lat' dir='ltr'><strong>quaestione</strong></span> <span class='ocrx_word' id='word_1_42' title='bbox 2832 1284 3161 1357; x_wconf 90' lang='lat' dir='ltr'><strong>continuo</strong></span> <span class='ocrx_word' id='word_1_43' title='bbox 3209 1282 3577 1358; x_wconf 86' lang='lat' dir='ltr'><strong>consilium</strong></span> <span class='ocrx_word' id='word_1_44' title='bbox 3626 1281 3968 1381; x_wconf 78' lang='lat' dir='ltr'>ceperint,</span> <span class='ocrx_word' id='word_1_45' title='bbox 4010 1282 4229 1381; x_wconf 85' lang='lat' dir='ltr'><strong>ingenii</strong></span> 
     </span>
     <span class='ocr_line' id='line_1_6' title="bbox 1234 1400 4231 1503; baseline -0.001 -24"><span class='ocrx_word' id='word_1_46' title='bbox 1234 1406 1343 1481; x_wconf 87' lang='lat' dir='ltr'><strong>sui</strong></span> <span class='ocrx_word' id='word_1_47' title='bbox 1406 1404 1585 1479; x_wconf 89' lang='lat' dir='ltr'><strong>vires</strong></span> <span class='ocrx_word' id='word_1_48' title='bbox 1640 1400 2092 1503; x_wconf 84' lang='lat' dir='ltr'><strong>periclitandi.</strong></span> <span class='ocrx_word' id='word_1_49' title='bbox 2193 1400 2409 1501; x_wconf 82' lang='lat' dir='ltr'><strong>Agite</strong></span> <span class='ocrx_word' id='word_1_50' title='bbox 2466 1426 2585 1475; x_wconf 88' lang='lat' dir='ltr'><strong>vos</strong></span> <span class='ocrx_word' id='word_1_51' title='bbox 2607 1458 2627 1489; x_wconf 91' lang='lat'>,</span> <span class='ocrx_word' id='word_1_52' title='bbox 2692 1402 3254 1491; x_wconf 77' lang='lat' dir='ltr'><strong>Commilitonesl</strong></span> <span class='ocrx_word' id='word_1_53' title='bbox 3324 1401 3673 1478; x_wconf 78' lang='lat' dir='ltr'><strong>laudabile</strong></span> <span class='ocrx_word' id='word_1_54' title='bbox 3729 1402 3859 1477; x_wconf 90' lang='lat' dir='ltr'><strong>hoc</strong></span> <span class='ocrx_word' id='word_1_55' title='bbox 3910 1402 4231 1477; x_wconf 89' lang='lat' dir='ltr'><strong>consilium</strong></span> 
     </span>
     <span class='ocr_line' id='line_1_7' title="bbox 1238 1521 4232 1624; baseline -0.002 -24"><span class='ocrx_word' id='word_1_56' title='bbox 1238 1532 1517 1600; x_wconf 90' lang='lat' dir='ltr'><strong>strenue</strong></span> <span class='ocrx_word' id='word_1_57' title='bbox 1562 1521 2114 1624; x_wconf 88' lang='lat' dir='ltr'><strong>persequamini,</strong></span> <span class='ocrx_word' id='word_1_58' title='bbox 2162 1545 2290 1597; x_wconf 89' lang='lat' dir='ltr'><strong>nec</strong></span> <span class='ocrx_word' id='word_1_59' title='bbox 2341 1521 2645 1620; x_wconf 87' lang='lat' dir='ltr'><strong>palmam</strong></span> <span class='ocrx_word' id='word_1_60' title='bbox 2695 1522 2887 1598; x_wconf 88' lang='lat' dir='ltr'><strong>vobis</strong></span> <span class='ocrx_word' id='word_1_61' title='bbox 2937 1522 3027 1597; x_wconf 91' lang='lat' dir='ltr'><strong>ab</strong></span> <span class='ocrx_word' id='word_1_62' title='bbox 3072 1524 3247 1599; x_wconf 87' lang='lat' dir='ltr'><strong>alius</strong></span> <span class='ocrx_word' id='word_1_63' title='bbox 3264 1522 3730 1609; x_wconf 77' lang='lat' dir='ltr'><strong>‹Academiae,</strong></span> <span class='ocrx_word' id='word_1_64' title='bbox 3781 1522 3891 1597; x_wconf 85' lang='lat' dir='ltr'><strong>vel</strong></span> <span class='ocrx_word' id='word_1_65' title='bbox 3932 1522 4232 1597; x_wconf 82' lang='lat' dir='ltr'><strong>Athenaei</strong></span> 
     </span>
     <span class='ocr_line' id='line_1_8' title="bbox 1235 1641 2434 1745; baseline -0.006 -24"><span class='ocrx_word' id='word_1_66' title='bbox 1235 1647 1502 1721; x_wconf 84' lang='lat' dir='ltr'><strong>civibus</strong></span> <span class='ocrx_word' id='word_1_67' title='bbox 1553 1643 1850 1745; x_wconf 87' lang='lat' dir='ltr'><strong>praeripi</strong></span> <span class='ocrx_word' id='word_1_68' title='bbox 1897 1641 2279 1743; x_wconf 88' lang='lat' dir='ltr'><strong>patiamini.</strong></span> <span class='ocrx_word' id='word_1_69' title='bbox 2340 1651 2345 1666; x_wconf 93' lang='grc'><strong>’</strong></span> <span class='ocrx_word' id='word_1_70' title='bbox 2430 1682 2434 1686; x_wconf 86' lang='grc'><em>·</em></span> 
     </span>
    </p>
   </div>
   <div class='ocr_carea' id='block_1_4' title="bbox 1229 1876 4241 2946">
    <p class='ocr_par' dir='ltr' id='par_1_4' title="bbox 1229 1876 4241 2946">
     <span class='ocr_line' id='line_1_9' title="bbox 1337 1876 4237 1984; baseline -0.002 -27"><span class='ocrx_word' id='word_1_71' title='bbox 1337 1885 1619 1972; x_wconf 82' lang='lat' dir='ltr'><strong>Restat,</strong></span> <span class='ocrx_word' id='word_1_72' title='bbox 1689 1892 1770 1957; x_wconf 90' lang='lat' dir='ltr'><strong>ut</strong></span> <span class='ocrx_word' id='word_1_73' title='bbox 1831 1876 2145 1957; x_wconf 84' lang='lat' dir='ltr'><strong>Rectoris</strong></span> <span class='ocrx_word' id='word_1_74' title='bbox 2207 1882 2565 1982; x_wconf 88' lang='lat' dir='ltr'><strong>magnifici</strong></span> <span class='ocrx_word' id='word_1_75' title='bbox 2612 1908 2871 1958; x_wconf 88' lang='lat' dir='ltr'><strong>munus</strong></span> <span class='ocrx_word' id='word_1_76' title='bbox 2922 1884 3261 1984; x_wconf 86' lang='lat' dir='ltr'><strong>deponam</strong></span> <span class='ocrx_word' id='word_1_77' title='bbox 3281 1942 3301 1973; x_wconf 87' lang='lat'><em>,</em></span> <span class='ocrx_word' id='word_1_78' title='bbox 3351 1910 3431 1959; x_wconf 89' lang='lat' dir='ltr'><strong>ac</strong></span> <span class='ocrx_word' id='word_1_79' title='bbox 3476 1881 3867 1959; x_wconf 83' lang='lat' dir='ltr'><strong>Successori</strong></span> <span class='ocrx_word' id='word_1_80' title='bbox 3918 1881 4237 1979; x_wconf 85' lang='lat' dir='ltr'><strong>designato</strong></span> 
     </span>
     <span class='ocr_line' id='line_1_10' title="bbox 1239 2000 4235 2104; baseline -0.003 -26"><span class='ocrx_word' id='word_1_81' title='bbox 1239 2004 1531 2080; x_wconf 89' lang='lat' dir='ltr'><strong>tradam.</strong></span> <span class='ocrx_word' id='word_1_82' title='bbox 1633 2005 1885 2104; x_wconf 89' lang='lat' dir='ltr'><strong>Itaque</strong></span> <span class='ocrx_word' id='word_1_83' title='bbox 1944 2030 2027 2079; x_wconf 88' lang='lat' dir='ltr'><strong>ex</strong></span> <span class='ocrx_word' id='word_1_84' title='bbox 2100 2002 2316 2102; x_wconf 85' lang='lat' dir='ltr'><strong>Regis</strong></span> <span class='ocrx_word' id='word_1_85' title='bbox 2379 2004 2859 2103; x_wconf 86' lang='lat' dir='ltr'><strong>augustissimi</strong></span> <span class='ocrx_word' id='word_1_86' title='bbox 2926 2004 3200 2079; x_wconf 87' lang='lat' dir='ltr'><strong>decreto</strong></span> <span class='ocrx_word' id='word_1_87' title='bbox 3276 2013 3383 2093; x_wconf 89' lang='lat' dir='ltr'><strong>te,</strong></span> <span class='ocrx_word' id='word_1_88' title='bbox 3459 2005 3735 2081; x_wconf 66' lang='lat' dir='ltr'><strong>Iacosn</strong></span> <span class='ocrx_word' id='word_1_89' title='bbox 3800 2024 3951 2077; x_wconf 62' lang='lat' dir='ltr'><strong>vau</strong></span> <span class='ocrx_word' id='word_1_90' title='bbox 4014 2000 4235 2075; x_wconf 75' lang='lat' dir='ltr'>HALL!</span> 
     </span>
     <span class='ocr_line' id='line_1_11' title="bbox 1233 2120 4237 2223; baseline -0.002 -25"><span class='ocrx_word' id='word_1_91' title='bbox 1233 2126 1308 2198; x_wconf 91' lang='lat' dir='ltr'><strong>in</strong></span> <span class='ocrx_word' id='word_1_92' title='bbox 1382 2125 1776 2223; x_wconf 80' lang='lat' dir='ltr'><strong>proximum</strong></span> <span class='ocrx_word' id='word_1_93' title='bbox 1828 2147 2089 2198; x_wconf 89' lang='lat' dir='ltr'><strong>annum</strong></span> <span class='ocrx_word' id='word_1_94' title='bbox 2140 2124 2499 2198; x_wconf 80' lang='lat' dir='ltr'><strong>Rectorem</strong></span> <span class='ocrx_word' id='word_1_95' title='bbox 2544 2125 2959 2223; x_wconf 61' lang='lat' dir='ltr'><strong>maynificum</strong></span> <span class='ocrx_word' id='word_1_96' title='bbox 3004 2123 3160 2198; x_wconf 91' lang='lat' dir='ltr'><strong>dico</strong></span> <span class='ocrx_word' id='word_1_97' title='bbox 3180 2183 3199 2211; x_wconf 94' lang='lat'><strong><em>,</em></strong></span> <span class='ocrx_word' id='word_1_98' title='bbox 3262 2123 3583 2199; x_wconf 88' lang='lat' dir='ltr'><strong>renuntio</strong></span> <span class='ocrx_word' id='word_1_99' title='bbox 3602 2181 3623 2211; x_wconf 88' lang='lat'>,</span> <span class='ocrx_word' id='word_1_100' title='bbox 3671 2122 4036 2222; x_wconf 76' lang='lat' dir='ltr'><strong>proclamo,</strong></span> <span class='ocrx_word' id='word_1_101' title='bbox 4126 2120 4237 2193; x_wconf 91' lang='lat' dir='ltr'><strong>Ac·</strong></span> 
     </span>
     <span class='ocr_line' id='line_1_12' title="bbox 1233 2242 4241 2343; baseline -0.001 -26"><span class='ocrx_word' id='word_1_102' title='bbox 1233 2244 1437 2323; x_wconf 88' lang='lat' dir='ltr'><strong>cedas</strong></span> <span class='ocrx_word' id='word_1_103' title='bbox 1484 2244 1700 2343; x_wconf 84' lang='lat' dir='ltr'><strong>igitur</strong></span> <span class='ocrx_word' id='word_1_104' title='bbox 1717 2302 1737 2332; x_wconf 89' lang='lat'>‚</span> <span class='ocrx_word' id='word_1_105' title='bbox 1786 2243 1916 2317; x_wconf 88' lang='lat' dir='ltr'><strong>Vir</strong></span> <span class='ocrx_word' id='word_1_106' title='bbox 1961 2242 2393 2319; x_wconf 80' lang='lat' dir='ltr'><strong>Clarissimo!</strong></span> <span class='ocrx_word' id='word_1_107' title='bbox 2449 2243 2817 2343; x_wconf 90' lang='lat' dir='ltr'><strong>locumque</strong></span> <span class='ocrx_word' id='word_1_108' title='bbox 2854 2262 3183 2343; x_wconf 74' lang='lat' dir='ltr'><strong>occupeS,</strong></span> <span class='ocrx_word' id='word_1_109' title='bbox 3234 2268 3445 2343; x_wconf 89' lang='lat' dir='ltr'><strong>quem</strong></span> <span class='ocrx_word' id='word_1_110' title='bbox 3493 2243 3626 2317; x_wconf 90' lang='lat' dir='ltr'><strong>tibi</strong></span> <span class='ocrx_word' id='word_1_111' title='bbox 3666 2243 3797 2319; x_wconf 85' lang='lat' dir='ltr'><strong>feci</strong></span> <span class='ocrx_word' id='word_1_112' title='bbox 3838 2261 4140 2318; x_wconf 88' lang='lat' dir='ltr'><strong>vacuum.</strong></span> <span class='ocrx_word' id='word_1_113' title='bbox 4161 2284 4241 2297; x_wconf 95' lang='lat'>-</span> 
     </span>
     <span class='ocr_line' id='line_1_13' title="bbox 1233 2359 4239 2464; baseline -0.002 -27"><span class='ocrx_word' id='word_1_114' title='bbox 1233 2363 1431 2438; x_wconf 87' lang='lat' dir='ltr'><strong>Salve</strong></span> <span class='ocrx_word' id='word_1_115' title='bbox 1493 2364 1633 2438; x_wconf 90' lang='lat' dir='ltr'><strong>iam</strong></span> <span class='ocrx_word' id='word_1_116' title='bbox 1655 2421 1674 2452; x_wconf 90' lang='lat'><strong>,</strong></span> <span class='ocrx_word' id='word_1_117' title='bbox 1747 2364 2116 2463; x_wconf 84' lang='lat' dir='ltr'><strong>magnifice</strong></span> <span class='ocrx_word' id='word_1_118' title='bbox 2163 2364 2457 2437; x_wconf 85' lang='lat' dir='ltr'><strong>Rectorl</strong></span> <span class='ocrx_word' id='word_1_119' title='bbox 2534 2364 2927 2463; x_wconf 86' lang='lat' dir='ltr'><strong>iterumque</strong></span> <span class='ocrx_word' id='word_1_120' title='bbox 3004 2365 3208 2441; x_wconf 87' lang='lat' dir='ltr'><strong>salve.</strong></span> <span class='ocrx_word' id='word_1_121' title='bbox 3310 2364 3680 2464; x_wconf 83' lang='lat' dir='ltr'><strong>Quidquid</strong></span> <span class='ocrx_word' id='word_1_122' title='bbox 3748 2364 3822 2437; x_wconf 71' lang='lat' dir='ltr'><strong>et</strong></span> <span class='ocrx_word' id='word_1_123' title='bbox 3882 2362 4141 2437; x_wconf 89' lang='lat' dir='ltr'><strong>honoris</strong></span> <span class='ocrx_word' id='word_1_124' title='bbox 4184 2359 4239 2432; x_wconf 72' lang='lat' dir='ltr'><strong>et</strong></span> 
     </span>
     <span class='ocr_line' id='line_1_14' title="bbox 1230 2483 4238 2584; baseline -0.001 -25"><span class='ocrx_word' id='word_1_125' title='bbox 1230 2485 1454 2559; x_wconf 90' lang='lat' dir='ltr'><strong>oneris</strong></span> <span class='ocrx_word' id='word_1_126' title='bbox 1500 2483 1754 2560; x_wconf 89' lang='lat' dir='ltr'><strong>habeat</strong></span> <span class='ocrx_word' id='word_1_127' title='bbox 1796 2483 2214 2559; x_wconf 87' lang='lat' dir='ltr'><strong>Academiae</strong></span> <span class='ocrx_word' id='word_1_128' title='bbox 2266 2483 2715 2584; x_wconf 85' lang='lat' dir='ltr'><strong>magistratus</strong></span> <span class='ocrx_word' id='word_1_129' title='bbox 2736 2543 2755 2574; x_wconf 90' lang='lat'><em>,</em></span> <span class='ocrx_word' id='word_1_130' title='bbox 2807 2510 2888 2560; x_wconf 91' lang='lat' dir='ltr'><strong>eo</strong></span> <span class='ocrx_word' id='word_1_131' title='bbox 2930 2484 3293 2584; x_wconf 36' lang='lat' dir='ltr'><strong>&#39;lubentius</strong></span> <span class='ocrx_word' id='word_1_132' title='bbox 3342 2485 3415 2558; x_wconf 91' lang='lat' dir='ltr'><strong>in</strong></span> <span class='ocrx_word' id='word_1_133' title='bbox 3460 2492 3531 2559; x_wconf 93' lang='lat' dir='ltr'><strong>te</strong></span> <span class='ocrx_word' id='word_1_134' title='bbox 3574 2485 3859 2559; x_wconf 88' lang='lat' dir='ltr'><strong>devolvo</strong></span> <span class='ocrx_word' id='word_1_135' title='bbox 3876 2544 3897 2573; x_wconf 87' lang='lat'>,</span> <span class='ocrx_word' id='word_1_136' title='bbox 3948 2508 4081 2582; x_wconf 91' lang='lat' dir='ltr'><strong>quo</strong></span> <span class='ocrx_word' id='word_1_137' title='bbox 4120 2506 4238 2557; x_wconf 85' lang='lat' dir='ltr'><strong>oer-</strong></span> 
     </span>
     <span class='ocr_line' id='line_1_15' title="bbox 1229 2604 4241 2705; baseline -0.001 -28"><span class='ocrx_word' id='word_1_138' title='bbox 1229 2606 1372 2679; x_wconf 87' lang='lat' dir='ltr'><strong>tius</strong></span> <span class='ocrx_word' id='word_1_139' title='bbox 1445 2604 1620 2679; x_wconf 90' lang='lat' dir='ltr'><strong>mihi</strong></span> <span class='ocrx_word' id='word_1_140' title='bbox 1678 2604 1990 2703; x_wconf 86' lang='lat' dir='ltr'><strong>persuasi</strong></span> <span class='ocrx_word' id='word_1_141' title='bbox 2012 2663 2032 2692; x_wconf 93' lang='lat'>,</span> <span class='ocrx_word' id='word_1_142' title='bbox 2104 2609 2258 2679; x_wconf 89' lang='lat' dir='ltr'><strong>tuto</strong></span> <span class='ocrx_word' id='word_1_143' title='bbox 2323 2604 2455 2679; x_wconf 91' lang='lat' dir='ltr'><strong>tibi</strong></span> <span class='ocrx_word' id='word_1_144' title='bbox 2504 2606 2821 2681; x_wconf 87' lang='lat' dir='ltr'><strong>mandari</strong></span> <span class='ocrx_word' id='word_1_145' title='bbox 2839 2664 2859 2693; x_wconf 89' lang='lat'><em>,</em></span> <span class='ocrx_word' id='word_1_146' title='bbox 2920 2606 3111 2705; x_wconf 88' lang='lat' dir='ltr'><strong>quod</strong></span> <span class='ocrx_word' id='word_1_147' title='bbox 3155 2612 3341 2681; x_wconf 85' lang='lat' dir='ltr'><strong>recte</strong></span> <span class='ocrx_word' id='word_1_148' title='bbox 3384 2612 3706 2681; x_wconf 89' lang='lat' dir='ltr'><strong>curatum</strong></span> <span class='ocrx_word' id='word_1_149' title='bbox 3754 2605 4062 2682; x_wconf 87' lang='lat' dir='ltr'><strong>velimus.</strong></span> <span class='ocrx_word' id='word_1_150' title='bbox 4154 2604 4241 2675; x_wconf 90' lang='lat' dir='ltr'><strong>Sit</strong></span> 
     </span>
     <span class='ocr_line' id='line_1_16' title="bbox 1232 2722 4239 2826; baseline 0 -29"><span class='ocrx_word' id='word_1_151' title='bbox 1232 2724 1364 2797; x_wconf 88' lang='lat' dir='ltr'><strong>tibi</strong></span> <span class='ocrx_word' id='word_1_152' title='bbox 1432 2722 1756 2797; x_wconf 86' lang='lat' dir='ltr'><strong>valetudo</strong></span> <span class='ocrx_word' id='word_1_153' title='bbox 1811 2731 2234 2823; x_wconf 86' lang='lat' dir='ltr'><strong>opportuna,</strong></span> <span class='ocrx_word' id='word_1_154' title='bbox 2305 2733 2387 2798; x_wconf 91' lang='lat' dir='ltr'><strong>ut</strong></span> <span class='ocrx_word' id='word_1_155' title='bbox 2429 2749 2717 2799; x_wconf 89' lang='lat' dir='ltr'><strong>munere</strong></span> <span class='ocrx_word' id='word_1_156' title='bbox 2762 2733 2885 2801; x_wconf 92' lang='lat' dir='ltr'><strong>tuo</strong></span> <span class='ocrx_word' id='word_1_157' title='bbox 2935 2725 3137 2826; x_wconf 86' lang='lat' dir='ltr'><strong>fungi</strong></span> <span class='ocrx_word' id='word_1_158' title='bbox 3183 2725 3407 2825; x_wconf 87' lang='lat' dir='ltr'><strong>possis</strong></span> <span class='ocrx_word' id='word_1_159' title='bbox 3450 2750 3611 2801; x_wconf 90' lang='lat' dir='ltr'><strong>cum</strong></span> <span class='ocrx_word' id='word_1_160' title='bbox 3662 2726 4052 2826; x_wconf 80' lang='lat' dir='ltr'><strong>voluptate!</strong></span> <span class='ocrx_word' id='word_1_161' title='bbox 4116 2726 4239 2799; x_wconf 86' lang='lat' dir='ltr'><strong>Au-</strong></span> 
     </span>
     <span class='ocr_line' id='line_1_17' title="bbox 1230 2842 4241 2946; baseline 0.001 -31"><span class='ocrx_word' id='word_1_162' title='bbox 1230 2850 1478 2941; x_wconf 85' lang='lat' dir='ltr'><strong>geatur</strong></span> <span class='ocrx_word' id='word_1_163' title='bbox 1521 2842 1800 2917; x_wconf 90' lang='lat' dir='ltr'><strong>Civium</strong></span> <span class='ocrx_word' id='word_1_164' title='bbox 1849 2842 2399 2919; x_wconf 84' lang='lat' dir='ltr'><strong>academicorum</strong></span> <span class='ocrx_word' id='word_1_165' title='bbox 2443 2847 2810 2921; x_wconf 87' lang='lat' dir='ltr'><strong>numerus!</strong></span> <span class='ocrx_word' id='word_1_166' title='bbox 2894 2845 3407 2921; x_wconf 71' lang='lat' dir='ltr'><strong>commendent</strong></span> <span class='ocrx_word' id='word_1_167' title='bbox 3452 2871 3526 2921; x_wconf 91' lang='lat' dir='ltr'><strong>se</strong></span> <span class='ocrx_word' id='word_1_168' title='bbox 3574 2847 3834 2946; x_wconf 83' lang='lat' dir='ltr'><strong>singuli</strong></span> <span class='ocrx_word' id='word_1_169' title='bbox 3886 2847 4241 2923; x_wconf 88' lang='lat' dir='ltr'><strong>studiorum</strong></span> 
     </span>
    </p>
   </div>
   <div class='ocr_carea' id='block_1_5' title="bbox 1231 2962 4305 3067">
    <p class='ocr_par' dir='ltr' id='par_1_5' title="bbox 1231 2962 4305 3067">
     <span class='ocr_line' id='line_1_18' title="bbox 1231 2962 4305 3067; baseline 0 -28"><span class='ocrx_word' id='word_1_170' title='bbox 1231 2962 1637 3040; x_wconf 84' lang='lat' dir='ltr'><strong>assiduitate</strong></span> <span class='ocrx_word' id='word_1_171' title='bbox 1653 3025 1672 3054; x_wconf 90' lang='lat'>‚</span> <span class='ocrx_word' id='word_1_172' title='bbox 1733 2963 2071 3040; x_wconf 90' lang='lat' dir='ltr'><strong>modestia</strong></span> <span class='ocrx_word' id='word_1_173' title='bbox 2090 3022 2110 3054; x_wconf 91' lang='lat'><em>,</em></span> <span class='ocrx_word' id='word_1_174' title='bbox 2161 2964 2599 3042; x_wconf 84' lang='lat' dir='ltr'><strong>humanitate</strong></span> <span class='ocrx_word' id='word_1_175' title='bbox 2619 3026 2639 3057; x_wconf 92' lang='lat'>‚</span> <span class='ocrx_word' id='word_1_176' title='bbox 2690 2966 3066 3066; x_wconf 88' lang='lat' dir='ltr'><strong>probitate,</strong></span> <span class='ocrx_word' id='word_1_177' title='bbox 3122 2965 3499 3067; x_wconf 86' lang='lat' dir='ltr'><strong>floreatque</strong></span> <span class='ocrx_word' id='word_1_178' title='bbox 3515 3025 3535 3057; x_wconf 91' lang='lat'><em>,</em></span> <span class='ocrx_word' id='word_1_179' title='bbox 3586 2975 3657 3042; x_wconf 90' lang='lat' dir='ltr'><strong>te</strong></span> <span class='ocrx_word' id='word_1_180' title='bbox 3714 2966 4045 3056; x_wconf 88' lang='lat' dir='ltr'><strong>Rectore,</strong></span> <span class='ocrx_word' id='word_1_181' title='bbox 4090 2968 4239 3041; x_wconf 84' lang='lat' dir='ltr'><strong>Aca·</strong></span> <span class='ocrx_word' id='word_1_182' title='bbox 4294 3016 4305 3032; x_wconf 80' lang='lat'><strong>·</strong></span> 
     </span>
    </p>
   </div>
   <div class='ocr_carea' id='block_1_6' title="bbox 1224 3071 4239 3904">
    <p class='ocr_par' dir='ltr' id='par_1_6' title="bbox 1224 3071 4239 3904">
     <span class='ocr_line' id='line_1_19' title="bbox 1231 3071 4237 3188; baseline 0.001 -29"><span class='ocrx_word' id='word_1_183' title='bbox 1231 3085 1460 3161; x_wconf 90' lang='lat' dir='ltr'><strong>demia</strong></span> <span class='ocrx_word' id='word_1_184' title='bbox 1527 3085 2233 3161; x_wconf 84' lang='lat' dir='ltr'><strong>Rheno-Traiectina!</strong></span> <span class='ocrx_word' id='word_1_185' title='bbox 2305 3071 2405 3143; x_wconf 59' lang='grc'><strong>4-</strong></span> <span class='ocrx_word' id='word_1_186' title='bbox 2477 3087 2615 3161; x_wconf 88' lang='lat' dir='ltr'><strong>His</strong></span> <span class='ocrx_word' id='word_1_187' title='bbox 2668 3095 2751 3162; x_wconf 90' lang='lat' dir='ltr'><strong>tu</strong></span> <span class='ocrx_word' id='word_1_188' title='bbox 2794 3089 2971 3163; x_wconf 87' lang='lat' dir='ltr'><strong>votis</strong></span> <span class='ocrx_word' id='word_1_189' title='bbox 3012 3087 3473 3188; x_wconf 88' lang='lat' dir='ltr'><strong>precibusque</strong></span> <span class='ocrx_word' id='word_1_190' title='bbox 3523 3113 3788 3164; x_wconf 89' lang='lat' dir='ltr'><strong>annuas</strong></span> <span class='ocrx_word' id='word_1_191' title='bbox 3807 3149 3828 3178; x_wconf 89' lang='lat'>,</span> <span class='ocrx_word' id='word_1_192' title='bbox 3878 3091 4081 3166; x_wconf 87' lang='lat' dir='ltr'><strong>Pater</strong></span> <span class='ocrx_word' id='word_1_193' title='bbox 4112 3111 4237 3163; x_wconf 89' lang='lat' dir='ltr'><strong>coe-</strong></span> 
     </span>
     <span class='ocr_line' id='line_1_20' title="bbox 1229 3205 4238 3308; baseline -0 -28"><span class='ocrx_word' id='word_1_194' title='bbox 1229 3205 1424 3281; x_wconf 88' lang='lat' dir='ltr'><strong>lestis</strong></span> <span class='ocrx_word' id='word_1_195' title='bbox 1443 3208 1470 3280; x_wconf 79' lang='lat' dir='ltr'><strong>l‘</strong></span> <span class='ocrx_word' id='word_1_196' title='bbox 1529 3207 1808 3282; x_wconf 87' lang='lat' dir='ltr'><strong>Gratias</strong></span> <span class='ocrx_word' id='word_1_197' title='bbox 1863 3205 2026 3280; x_wconf 79' lang='lat' dir='ltr'><strong>Tibi</strong></span> <span class='ocrx_word' id='word_1_198' title='bbox 2074 3207 2348 3307; x_wconf 86' lang='lat' dir='ltr'><strong>agimus</strong></span> <span class='ocrx_word' id='word_1_199' title='bbox 2364 3267 2385 3296; x_wconf 89' lang='lat'><em>,</em></span> <span class='ocrx_word' id='word_1_200' title='bbox 2451 3232 2626 3306; x_wconf 86' lang='lat' dir='ltr'><strong>quas</strong></span> <span class='ocrx_word' id='word_1_201' title='bbox 2664 3232 3073 3308; x_wconf 86' lang='lat' dir='ltr'><strong>possumus,</strong></span> <span class='ocrx_word' id='word_1_202' title='bbox 3122 3209 3462 3284; x_wconf 83' lang='lat' dir='ltr'><strong>maximas</strong></span> <span class='ocrx_word' id='word_1_203' title='bbox 3510 3234 3636 3308; x_wconf 93' lang='lat' dir='ltr'><strong>pro</strong></span> <span class='ocrx_word' id='word_1_204' title='bbox 3675 3208 4031 3289; x_wconf 86' lang='lat' dir='ltr'><strong>beneficiis</strong></span> <span class='ocrx_word' id='word_1_205' title='bbox 4048 3266 4067 3295; x_wconf 89' lang='lat'>,</span> <span class='ocrx_word' id='word_1_206' title='bbox 4110 3207 4238 3304; x_wconf 90' lang='lat' dir='ltr'><strong>qui-</strong></span> 
     </span>
     <span class='ocr_line' id='line_1_21' title="bbox 1224 3326 4234 3419; baseline -0.001 -19"><span class='ocrx_word' id='word_1_207' title='bbox 1224 3326 1362 3401; x_wconf 88' lang='lat' dir='ltr'><strong>bus</strong></span> <span class='ocrx_word' id='word_1_208' title='bbox 1421 3327 1492 3400; x_wconf 76' lang='lat' dir='ltr'><strong>et</strong></span> <span class='ocrx_word' id='word_1_209' title='bbox 1549 3351 1676 3401; x_wconf 90' lang='lat' dir='ltr'><strong>nos</strong></span> <span class='ocrx_word' id='word_1_210' title='bbox 1739 3352 2016 3416; x_wconf 90' lang='lat' dir='ltr'><strong>omnes,</strong></span> <span class='ocrx_word' id='word_1_211' title='bbox 2087 3327 2159 3402; x_wconf 74' lang='lat' dir='ltr'><strong>et</strong></span> <span class='ocrx_word' id='word_1_212' title='bbox 2213 3330 2579 3404; x_wconf 86' lang='lat' dir='ltr'><strong>Rectorem</strong></span> <span class='ocrx_word' id='word_1_213' title='bbox 2598 3386 2618 3417; x_wconf 86' lang='lat'><em>‚</em></span> <span class='ocrx_word' id='word_1_214' title='bbox 2668 3353 2957 3404; x_wconf 89' lang='lat' dir='ltr'><strong>munere</strong></span> <span class='ocrx_word' id='word_1_215' title='bbox 3012 3355 3137 3404; x_wconf 87' lang='lat' dir='ltr'><strong>suo</strong></span> <span class='ocrx_word' id='word_1_216' title='bbox 3189 3329 3327 3404; x_wconf 88' lang='lat' dir='ltr'><strong>iam</strong></span> <span class='ocrx_word' id='word_1_217' title='bbox 3380 3328 3787 3405; x_wconf 81' lang='lat' dir='ltr'><strong>defunctum</strong></span> <span class='ocrx_word' id='word_1_218' title='bbox 3805 3388 3827 3419; x_wconf 90' lang='lat'><strong>,</strong></span> <span class='ocrx_word' id='word_1_219' title='bbox 3878 3327 4234 3404; x_wconf 84' lang='lat' dir='ltr'><strong>cumulasti.</strong></span> 
     </span>
     <span class='ocr_line' id='line_1_22' title="bbox 1227 3447 4239 3547; baseline 0 -27"><span class='ocrx_word' id='word_1_220' title='bbox 1227 3447 1338 3520; x_wconf 84' lang='lat' dir='ltr'><strong>Tu</strong></span> <span class='ocrx_word' id='word_1_221' title='bbox 1388 3447 1518 3521; x_wconf 92' lang='lat' dir='ltr'><strong>hoc</strong></span> <span class='ocrx_word' id='word_1_222' title='bbox 1563 3471 1844 3547; x_wconf 88' lang='lat' dir='ltr'><strong>quoque</strong></span> <span class='ocrx_word' id='word_1_223' title='bbox 1893 3471 2074 3522; x_wconf 87' lang='lat' dir='ltr'><strong>anno</strong></span> <span class='ocrx_word' id='word_1_224' title='bbox 2122 3448 2513 3523; x_wconf 87' lang='lat' dir='ltr'><strong>academico</strong></span> <span class='ocrx_word' id='word_1_225' title='bbox 2563 3447 2787 3524; x_wconf 89' lang='lat' dir='ltr'><strong>salvos</strong></span> <span class='ocrx_word' id='word_1_226' title='bbox 2826 3473 2953 3524; x_wconf 90' lang='lat' dir='ltr'><strong>nos</strong></span> <span class='ocrx_word' id='word_1_227' title='bbox 3000 3474 3227 3524; x_wconf 87' lang='lat' dir='ltr'><strong>serves</strong></span> <span class='ocrx_word' id='word_1_228' title='bbox 3280 3457 3350 3524; x_wconf 91' lang='lat' dir='ltr'><strong>et</strong></span> <span class='ocrx_word' id='word_1_229' title='bbox 3398 3450 3815 3526; x_wconf 85' lang='lat' dir='ltr'><strong>incolumes!</strong></span> <span class='ocrx_word' id='word_1_230' title='bbox 3904 3452 4014 3524; x_wconf 82' lang='lat' dir='ltr'><strong>Tu</strong></span> <span class='ocrx_word' id='word_1_231' title='bbox 4074 3447 4239 3522; x_wconf 87' lang='lat' dir='ltr'><strong>tenui</strong></span> 
     </span>
     <span class='ocr_line' id='line_1_23' title="bbox 1229 3566 4235 3670; baseline -0.001 -30"><span class='ocrx_word' id='word_1_232' title='bbox 1229 3566 1624 3641; x_wconf 88' lang='lat' dir='ltr'><strong>valetudine</strong></span> <span class='ocrx_word' id='word_1_233' title='bbox 1683 3575 1960 3642; x_wconf 87' lang='lat' dir='ltr'><strong>utentes</strong></span> <span class='ocrx_word' id='word_1_234' title='bbox 2031 3569 2395 3643; x_wconf 89' lang='lat' dir='ltr'><strong>confirmes</strong></span> <span class='ocrx_word' id='word_1_235' title='bbox 2415 3626 2435 3656; x_wconf 90' lang='lat'>‚</span> <span class='ocrx_word' id='word_1_236' title='bbox 2502 3567 2861 3644; x_wconf 87' lang='lat' dir='ltr'><strong>Seniorum</strong></span> <span class='ocrx_word' id='word_1_237' title='bbox 2869 3594 3004 3669; x_wconf 91' lang='lat' dir='ltr'><strong>que</strong></span> <span class='ocrx_word' id='word_1_238' title='bbox 3062 3570 3361 3670; x_wconf 88' lang='lat' dir='ltr'><strong>corporis</strong></span> <span class='ocrx_word' id='word_1_239' title='bbox 3404 3579 3475 3645; x_wconf 91' lang='lat' dir='ltr'><strong>et</strong></span> <span class='ocrx_word' id='word_1_240' title='bbox 3516 3570 3730 3646; x_wconf 87' lang='lat' dir='ltr'><strong>animi</strong></span> <span class='ocrx_word' id='word_1_241' title='bbox 3771 3569 3951 3645; x_wconf 86' lang='lat' dir='ltr'><strong>vires</strong></span> <span class='ocrx_word' id='word_1_242' title='bbox 4000 3577 4235 3644; x_wconf 89' lang='lat' dir='ltr'><strong>susten-</strong></span> 
     </span>
     <span class='ocr_line' id='line_1_24' title="bbox 1226 3686 4233 3789; baseline 0.001 -31"><span class='ocrx_word' id='word_1_243' title='bbox 1226 3687 1368 3758; x_wconf 89' lang='lat' dir='ltr'><strong>tes!</strong></span> <span class='ocrx_word' id='word_1_244' title='bbox 1441 3686 1529 3760; x_wconf 92' lang='lat' dir='ltr'><strong>In</strong></span> <span class='ocrx_word' id='word_1_245' title='bbox 1584 3688 1684 3764; x_wconf 82' lang='lat' dir='ltr'><strong>Te</strong></span> <span class='ocrx_word' id='word_1_246' title='bbox 1751 3688 2078 3764; x_wconf 88' lang='lat' dir='ltr'><strong>fiduciam</strong></span> <span class='ocrx_word' id='word_1_247' title='bbox 2135 3698 2448 3766; x_wconf 86' lang='lat' dir='ltr'><strong>nostram</strong></span> <span class='ocrx_word' id='word_1_248' title='bbox 2507 3689 2907 3789; x_wconf 88' lang='lat' dir='ltr'><strong>reponimus</strong></span> <span class='ocrx_word' id='word_1_249' title='bbox 2952 3713 3213 3768; x_wconf 81' lang='lat' dir='ltr'><strong>omnes.</strong></span> <span class='ocrx_word' id='word_1_250' title='bbox 3316 3691 3479 3766; x_wconf 83' lang='lat' dir='ltr'><strong>Tibi</strong></span> <span class='ocrx_word' id='word_1_251' title='bbox 3530 3691 3619 3766; x_wconf 89' lang='lat' dir='ltr'><strong>sit</strong></span> <span class='ocrx_word' id='word_1_252' title='bbox 3660 3692 3851 3780; x_wconf 90' lang='lat' dir='ltr'><strong>laus,</strong></span> <span class='ocrx_word' id='word_1_253' title='bbox 3902 3696 3974 3764; x_wconf 91' lang='lat' dir='ltr'><strong>et</strong></span> <span class='ocrx_word' id='word_1_254' title='bbox 4018 3689 4233 3772; x_wconf 65' lang='lat' dir='ltr'><strong>houm,</strong></span> 
     </span>
     <span class='ocr_line' id='line_1_25' title="bbox 1227 3805 1602 3904; baseline 0.008 -27"><span class='ocrx_word' id='word_1_255' title='bbox 1227 3811 1298 3878; x_wconf 89' lang='lat' dir='ltr'><strong>et</strong></span> <span class='ocrx_word' id='word_1_256' title='bbox 1344 3805 1602 3904; x_wconf 85' lang='lat' dir='ltr'><strong>gloria!</strong></span> 
     </span>
    </p>
   </div>
   <div class='ocr_carea' id='block_1_7' title="bbox 2610 4307 2861 4366">
    <p class='ocr_par' dir='ltr' id='par_1_7' title="bbox 2610 4307 2861 4366">
     <span class='ocr_line' id='line_1_26' title="bbox 2610 4307 2861 4366; baseline -0.004 0"><span class='ocrx_word' id='word_1_257' title='bbox 2610 4307 2861 4366; x_wconf 86' lang='lat' dir='ltr'>DIXI.</span> 
     </span>
    </p>
   </div>
  </div>
 </body>
</html>
