4766 6034
1826 654 2380 724 ORATIO.
3541 660 3627 726 45

576 860 800 962 possit
845 863 1181 940 anteverti
1205 924 1224 953 ‚
1292 864 1432 939 iam
1479 863 1602 938 diu
1651 865 1928 940 inventa
1973 872 2044 940 et
2088 866 2163 940 in
2213 864 2465 964 vulgus
2513 870 2679 938 nota
2722 872 2937 939 erant.
3046 865 3300 939 Sistere
3346 867 3623 966 sangui-

576 1008 744 1058 nem
799 985 1190 1061 didicerunt
1241 986 1344 1061 vel
1387 986 1523 1061 late
1571 1010 1652 1059 ac
1700 985 1938 1085 rapide
1987 986 2445 1085 profluentem
2467 1044 2487 1073 ‚
2552 984 2677 1059 sed
2721 985 2975 1060 frustra
3028 986 3445 1061 medicinam
3500 1011 3624 1061 an-

577 1103 1005 1202 quisiverant
1030 1161 1052 1193 ,
1091 1128 1232 1203 qua
1275 1103 1580 1179 dolorem
1633 1104 2109 1205 propellerent.
2209 1105 2387 1179 Ecce
2430 1104 2829 1179 remedium.
2858 1106 3209 1205 repertum
3232 1165 3251 1195 ‚
3300 1132 3458 1181 ecce
3510 1133 3625 1182 va-

572 1222 766 1321 poris
834 1224 1132 1298 aetherei
1197 1224 1618 1301 inhalatione
1667 1224 1893 1299 omnis
1943 1248 2192 1299 sensus
2236 1224 2509 1299 ablatus
2560 1232 2631 1298 et
2678 1250 2837 1299 cum
2894 1251 3103 1301 sensu
3148 1227 3360 1302 dolor.
3458 1228 3623 1302 Cre-

573 1341 834 1416 ditisne
881 1344 1294 1440 plaudentes
1339 1346 1509 1442 quin
1543 1344 1990 1421 exsultantes
2034 1345 2415 1442 pretiosum
2462 1343 3033 1446 salutiferumque
3080 1333 3467 1423 remedium
3507 1373 3625 1423 ex-

571 1471 862 1560 ceptum
899 1461 1114 1537 fuisse
1147 1488 1189 1539 a
1226 1464 1648 1540 doctioribus
1681 1464 2042 1552 omnibus,
2093 1465 2381 1539 medicis
2420 1464 2747 1539 omnibus
2764 1491 3078 1566 aequeac
3109 1468 3583 1543 laborantibus
3602 1528 3623 1557 ,

571 1589 650 1655 et
721 1582 1060 1658 Lucinam
1136 1610 1414 1684 quoque
1484 1584 1672 1660 dulci
1736 1586 1992 1683 philtro
2055 1610 2222 1661 suae
2285 1610 2491 1660 curae
2552 1586 2915 1661 mandatas
2970 1590 3248 1688 palpare
3306 1596 3623 1665 conatam

571 1726 730 1776 esse
797 1728 1178 1803 earumque
1244 1692 1564 1805 mitigare
1623 1704 1938 1780 dolores?
2038 1709 2275 1785 Quam
2306 1752 2316 1763 ·
2343 1706 2635 1782 mirifica
2690 1708 2853 1783 novi
2922 1709 3133 1785 huius
3193 1710 3481 1785 remedii
3534 1693 3626 1784 sit

569 1824 682 1897 vis
701 1882 721 1911 ,
793 1824 932 1897 nisi
988 1826 1110 1924 qui
1153 1824 1302 1925 ipse
1357 1826 1634 1913 viderit,
1701 1825 1815 1899 vix
1869 1826 2102 1900 credet
2117 1860 2136 1915 ς
2187 1834 2259 1900 at
2301 1826 2427 1926 qui
2471 1828 2863 1928 adspexerit
2913 1830 3211 1904 narcosis
3270 1829 3626 1905 aethereae

567 1944 718 2018 vim
779 1945 888 2019 vel
961 1946 1107 2043 ipse
1171 1946 1303 2020 erit
1361 1953 1720 2044 expertus,
1798 1970 1960 2021 eum
2023 1945 2255 2020 mirari
2299 1970 2439 2021 non
2484 1947 2749 2022 subibit
2795 1948 2984 2047 quod
3029 1949 3369 2024 inventori
3390 2010 3408 2038 ,
3483 1949 3627 2023 viro

563 2063 1167 2161 praestantissimo
1235 2064 1280 2136 J
1285 2087 1570 2137 acxson
1591 2122 1612 2152 ‚
1679 2064 1860 2163 grati
1925 2064 2141 2139 animi
2200 2066 2619 2140 testificandi
2664 2093 2829 2167 ergo
2894 2068 3077 2142 cives
3128 2070 3280 2144 vivo
3324 2075 3627 2144 statuam

563 2183 976 2281 posuerint,
1050 2184 1221 2283 quin
1271 2184 1486 2258 immo
1537 2184 1846 2259 debitam
1891 2183 2348 2283 meritamque
2392 2210 2540 2259 esse
2586 2186 2866 2261 laudem
2911 2194 2983 2261 et
3034 2187 3324 2287 gloriam
3386 2193 3629 2288 gratus

565 2310 647 2377 et
693 2304 844 2402 ipse
893 2312 1243 2403 agnoscet.

671 2424 826 2499 Nec
869 2433 1104 2500 tamen
1151 2425 1428 2514 deerat,
1475 2451 1615 2526 quo
1663 2425 1989 2527 praeclari
2033 2424 2295 2500 inventi
2327 2426 2649 2525 splendor
2694 2426 3162 2503 offuscaretur.
3230 2428 3452 2503 Haud
3502 2428 3627 2504 diu

563 2552 718 2621 erat
757 2570 848 2620 ex
883 2571 1024 2646 quo
1067 2546 1509 2621 inhalationis
1546 2549 1906 2622 aethereae
1950 2545 2052 2621 vis
2098 2573 2139 2622 a
2187 2547 2529 2647 chirurgis
2565 2555 2925 2647 perspecta
2964 2557 3037 2623 et
3072 2558 3405 2647 usurpata
3445 2556 3625 2636 erat,

563 2690 797 2765 quum
869 2692 1110 2741 omnes
1174 2668 1341 2743 artis
1409 2676 1682 2743 nostrae
1747 2669 2012 2743 alumni
2087 2668 2385 2767 graviter
2446 2668 2915 2768 affligerentur
2980 2670 3255 2744 casibus
3321 2669 3626 2768 aliquot,

561 2788 834 2885 quibus
885 2788 1306 2863 inhalatione
1355 2814 1494 2864 non
1545 2790 1767 2863 solum
1817 2789 2044 2864 omnis
2097 2813 2342 2863 sensus
2365 2847 2387 2877 ‚
2440 2789 2561 2863 sed
2612 2798 2775 2864 cum
2822 2815 3030 2865 sensu
3074 2788 3215 2864 vita
3257 2790 3409 2888 ipsa
3446 2796 3629 2865 esset

561 2906 824 2983 ablata.
885 2909 981 2982 Et
1022 2909 1166 2983 iam
1207 2909 1278 2982 in
1328 2934 1410 2983 eo
1454 2918 1682 2999 erant,
1736 2918 1818 2984 ut
1865 2935 2144 3010 prorsus
2192 2910 2747 3008 derelinquerent
2788 2919 2859 2985 et
2876 2911 3251 2986 abiicerent
3274 2912 3463 3010 quod
3488 2911 3624 2986 lae-

564 3028 872 3104 tabundi
940 3031 1150 3105 modo
1207 3039 1659 3130 exceperant,
1725 3056 1948 3131 quum
2008 3031 2282 3107 aethere
2344 3023 2849 3129 chloroformyli
2912 3031 2985 3106 in
3037 3031 3345 3106 sulfurici
3393 3033 3625 3107 locum

565 3151 957 3225 substituto
1007 3175 1118 3226 res
1162 3151 1392 3227 denuo
1439 3152 1840 3252 pertractari
1881 3159 1952 3226 et
2001 3152 2318 3251 indagari
2369 3158 2477 3224 est
2524 3159 2783 3250 coepta.
2886 3151 3007 3226 Illa
3056 3177 3333 3250 quoque
3386 3176 3622 3226 narco-

567 3269 662 3344 sis
733 3271 962 3370 specie
1023 3272 1387 3346 fatendum
1443 3280 1550 3348 est
1591 3297 1730 3347 non
1783 3296 1986 3347 omne
2033 3272 2419 3372 periculum
2479 3270 2693 3345 fuisse
2744 3271 3228 3371 propulsatum
3248 3331 3267 3358 ‚
3336 3271 3461 3346 sed
3518 3297 3622 3346 re-

565 3388 750 3464 fecto
819 3390 1234 3490 placidoque
1296 3393 1528 3467 animo
1602 3394 1678 3467 in
1726 3393 2026 3468 narcosis
2067 3393 2372 3467 indolem
2429 3391 2775 3491 inquirere
2826 3398 3039 3490 atque
3093 3393 3191 3467 ita
3239 3391 3315 3466 id
3362 3393 3625 3468 efficere

563 3509 1060 3600 instituerunt,
1116 3519 1195 3590 ut
1246 3538 1328 3588 ea
1370 3513 1634 3611 absque
1687 3514 1880 3588 omni
1927 3513 2230 3612 periculo
2290 3512 2394 3586 uti
2449 3519 2749 3610 possent.
2830 3512 2970 3585 Sed
3028 3513 3294 3588 utinam
3341 3539 3423 3587 eo
3468 3537 3619 3612 per-

564 3630 798 3705 venire
846 3632 1276 3730 potuissent!
1379 3632 1575 3708 Haec
1629 3635 1814 3708 enim
1868 3634 2181 3708 omnium
2239 3633 2326 3706 de
2379 3633 2506 3706 hac
2548 3657 2622 3706 re
2673 3632 3153 3707 institutarum
3197 3632 3621 3731 disquisitio-

561 3775 743 3826 num
794 3761 908 3854 est
967 3777 1243 3827 summa
1262 3810 1283 3840 ‚
1353 3779 1434 3827 eo
1483 3754 1866 3829 coniunctis
1911 3755 2486 3855 peritissimorum
2551 3752 3389 3853 prudentissimorumque
3443 3754 3619 3828 viro-

562 3897 726 3946 rum
785 3872 972 3947 curis
1041 3881 1112 3946 et
1174 3873 1424 3947 studiis
1491 3897 1604 3949 res
1663 3884 1770 3950 est
1819 3876 2151 3974 perducta
2175 3909 2200 3966 2,
2261 3873 2757 3949 inhalationem
2810 3873 3105 3949 aetheris
3153 3872 3463 3947 sulfurici
3514 3873 3621 3948 vel

563 3991 1076 4090 chloroformyli
1148 4017 1332 4066 mors
1389 4003 1620 4091 potest
1682 3997 1918 4094 sequi,
1991 4020 2220 4094 neque
2287 3995 2362 4068 in
2424 4000 2707 4093 promtu
2753 4002 2918 4067 sunt
2965 4002 3151 4068 certa
3192 3991 3617 4093 probataque

563 4111 876 4186 remedia
900 4170 920 4198 ,
972 4111 1234 4211 quibus
1279 4112 1496 4187 tristis
1545 4114 1658 4190 hic
1707 4124 1777 4189 et
1824 4114 2142 4189 funestus
2191 4103 2481 4189 eventus
2530 4113 2863 4188 anteverti
2911 4113 3150 4212 possit.

641 4233 926 4318 ‚Nonne
973 4232 1192 4332 igitur
1241 4233 1596 4331 antiquius
1643 4234 1817 4310 foret
1836 4295 1856 4323 ,
1909 4235 2158 4309 dixerit
2183 4233 2435 4333 aliquis
2451 4291 2471 4320 ‚
2512 4232 2862 4316 discedere
2888 4233 2974 4306 de
2997 4231 3377 4330 periculoso
3406 4230 3613 4306 hocce

562 4354 846 4428 tramite
867 4412 888 4442 ‚
957 4351 1306 4427 abstinere
1373 4355 1680 4429 remedio
1704 4415 1725 4445 ‚
1795 4356 1986 4456 quod
2051 4379 2326 4429 summa
2391 4353 2551 4427 licet
2589 4351 2902 4426 adhibita
2942 4375 3107 4425 cura
3172 4357 3242 4422 et
3291 4348 3610 4424 cautione

559 4472 970 4548 ludificatur
1039 4473 1386 4572 medicum
1457 4482 1666 4574 atque
1715 4485 2008 4552 mortem
2065 4475 2288 4550 adfert
2333 4497 2460 4572 pro
2512 4472 2733 4547 salute
2778 4471 3093 4570 sperata?
3190 4471 3290 4542 At
3334 4493 3447 4544 me
3499 4494 3609 4544 as-

563 4593 988 4668 sentientem
1035 4617 1176 4666 non
1217 4593 1502 4668 haberet
1547 4597 1672 4695 qui
1723 4597 1886 4672 talia
1932 4595 2280 4697 proferret.
2358 4591 2603 4668 Mirari
2642 4591 2829 4664 enim
2876 4589 3105 4677 subit,
3156 4591 3279 4688 qui
3306 4590 3455 4663 fieri
3484 4615 3610 4688 po·

559 4711 820 4800 tuerit,
879 4720 961 4785 ut
1011 4711 1408 4810 repentinae
1457 4714 1696 4788 mortis
1715 4773 1734 4803 ‚
1785 4739 1964 4814 quae
1996 4712 2491 4788 inhalationem
2516 4712 2900 4786 aetheream
2946 4709 3039 4784 sit
3074 4719 3343 4799 secuta,
3373 4735 3602 4786 exem-

557 4833 680 4932 pla
726 4832 804 4906 in
853 4831 1006 4907 dies
1051 4833 1224 4907 fiant
1261 4833 1534 4909 rariora.
1615 4832 1831 4912 Quod
1873 4812 2013 4907 non
2060 4834 2168 4908 ita
2209 4830 2694 4931 explicandum
2752 4837 2857 4906 est
2878 4887 2898 4919 ,
2944 4855 3025 4905 ac
3082 4831 3141 4905 si
3188 4830 3422 4905 minus
3472 4829 3602 4906 fre-
