4766 6034
1056 593 1181 658 162
2165 596 2243 663 G.
2329 599 2386 662 J.
2471 597 2982 664 MULDER

1050 802 1301 900 Neque
1368 827 1497 902 ego
1560 805 1620 878 is
1691 829 1847 877 sum
1913 804 2037 902 qui
2095 805 2169 879 id
2230 805 2736 881 dissimularem
2758 866 2776 895 ,
2844 807 2902 881 si
2957 831 3154 882 secus
3210 814 3430 895 esset,
3496 832 3656 883 cum
3709 809 3782 883 in
3829 835 3911 887 ea
3957 813 4091 887 sim

1053 923 1393 997 sententia
1414 983 1431 1010 ,
1482 923 1744 998 nemini
1794 924 2074 999 laudem
2122 951 2273 1000 esse
2324 927 2664 1017 dandam,
2715 927 2849 1003 nisi
2897 926 3162 1003 meritis
3211 926 3539 1004 debitam.

1152 1044 1293 1118 Sed
1339 1069 1474 1118 non
1528 1045 1694 1120 satis
1748 1054 1855 1120 est
1908 1071 2146 1121 vacare
2196 1048 2420 1146 culpa.
2524 1049 2714 1123 Illud
2761 1073 2848 1124 ex
2899 1047 3090 1122 vobis
3138 1072 3428 1146 quaero:
3497 1051 3695 1126 Num
3741 1053 3934 1127 omni
3961 1078 4095 1154 ope

1050 1162 1430 1252 enitimini,
1503 1175 1579 1239 ut
1642 1192 1723 1241 eo
1786 1166 2199 1266 perveniatis
2260 1193 2400 1267 quo
2457 1169 2797 1244 tenditis?
2863 1193 3036 1242 num
3081 1168 3258 1242 bene
3303 1192 3643 1246 memores
3685 1171 3854 1246 estis
3903 1172 4092 1248 illius

950 1376 962 1386 ι
1048 1284 1429 1385 praecepti,
1497 1293 1819 1360 naturam
1879 1287 2059 1360 sicut
2112 1286 2464 1377 arborem,
2527 1288 2697 1363 dum
2747 1296 2984 1363 tenera
3036 1288 3264 1363 adhuc
3315 1297 3460 1376 est,
3508 1289 3695 1364 flecti
3737 1300 4048 1390 oportere
4069 1351 4090 1382 ,

1046 1428 1134 1477 ne
1180 1427 1330 1478 sero
1373 1404 1626 1480 frustra
1670 1407 2046 1504 torqueas?
2086 1431 2256 1480 num
2292 1408 2605 1506 quotidie
2644 1409 3094 1508 vosmetipsos
3131 1408 3607 1508 interrogatis:
3658 1436 3800 1509 qua
3827 1413 4091 1487 ratione

1044 1523 1420 1622 providebo
1436 1584 1454 1612 ,
1506 1551 1595 1599 ne
1631 1552 1672 1601 a
1710 1535 1895 1601 recta
1942 1527 2212 1602 virtutis
2254 1528 2364 1602 via
2409 1528 2819 1604 deflectam?
2865 1553 3038 1603 num
3083 1537 3404 1627 parentes
3445 1537 3516 1603 et
3553 1531 3926 1607 monitores
3967 1533 4089 1608 de-

1044 1644 1192 1718 bito
1253 1646 1590 1744 obsequio
1644 1648 1919 1721 colitis?
1980 1671 2153 1721 num
2216 1648 2560 1724 industria
2610 1661 2833 1725 vestra
2883 1674 3007 1749 par
3055 1658 3162 1724 est
3209 1673 3438 1723 rerum
3495 1651 3867 1748 gravitati?
3915 1677 4090 1727 num

1048 1767 1120 1838 in
1167 1765 1360 1840 omni
1403 1767 1727 1842 scientiae
1774 1768 2007 1843 studio
2050 1777 2119 1843 et
2163 1769 2555 1868 cognitione
2596 1769 2773 1844 illud
2821 1769 3236 1843 meministis
3255 1828 3275 1857 ,
3324 1769 3563 1844 altiore
3609 1771 3923 1848 doctrina
3967 1799 4090 1847 vos

1042 1910 1191 1960 esse
1230 1886 1665 1977 formandos,
1714 1889 1844 1963 hoo
1888 1898 2032 1978 est,
2083 1891 2163 1964 ea
2211 1914 2389 1988 quae
2436 1891 2702 1965 animos
2747 1897 2818 1964 et
2859 1897 3127 1964 mentes
3181 1889 3272 1964 ad
3315 1889 3560 1965 altiora
3611 1890 3869 1991 erigit?
4121 1985 4126 1988 Ι

972 1987 983 1998 ’
1142 2006 1219 2079 Si
1275 2007 1445 2082 haec
1522 2010 1975 2110 vosmetipsos
2034 2011 2471 2110 interrogetis
2490 2069 2510 2099 ,
2582 2010 2871 2085 fortasse
2935 2010 3203 2084 eveniat
3257 2009 3452 2084 vobis
3504 2011 3694 2110 quod
3739 2011 4092 2111 plerisque

1047 2135 1365 2201 nostrum
1430 2129 1738 2228 quotidie
1796 2129 2067 2204 evenire
2126 2131 2331 2205 solet:
2399 2131 2790 2230 agnoscatis
2835 2131 2905 2204 in
2957 2129 3200 2204 multis
3245 2154 3364 2204 vos
3407 2131 3550 2206 labi
3597 2139 3670 2206 et
3716 2130 4086 2209 offendere.

1041 2247 1303 2322 Verum
1370 2273 1459 2324 ne
1530 2249 1795 2324 diutius
1868 2251 1939 2324 in
2003 2251 2113 2325 his
2184 2275 2442 2326 morer:
2512 2276 2787 2326 summa
2844 2258 2993 2338 est,
3061 2250 3251 2350 quod
3313 2251 3591 2327 assidue
3650 2252 3742 2327 ad
3803 2253 4090 2328 meliora

1041 2369 1361 2458 tenditis,
1414 2371 1624 2469 idque
1673 2372 1873 2447 factis
1920 2371 2250 2471 probatis.

1136 2491 1351 2564 Laeto
1424 2491 1671 2590 igitur·
1709 2494 1942 2567 animo
2012 2493 2207 2567 vobis
2284 2493 2624 2568 acclamo:
2719 2493 2953 2567 Macte
3027 2497 3252 2565 vestra
3323 2490 3701 2568 industria!
3808 2496 4088 2594 Pergite

1042 2611 1239 2708 sequi
1288 2612 1580 2685 arduam
1628 2613 1901 2686 virtutis
1952 2613 2171 2687 viam!
2249 2612 2526 2711 Pergite
2576 2611 2809 2686 studio
2860 2619 3084 2685 vestro
3132 2620 3276 2684 tam
3323 2611 3824 2688 commilitones
3871 2640 4087 2713 quam

1039 2732 1253 2805 duces
1304 2743 1563 2806 vestros
1604 2732 1697 2807 ad
1738 2733 1999 2831 optima
2042 2758 2360 2832 quaeque
2402 2733 2771 2832 instigare!
2847 2731 3156 2806 Imbuite
3204 2737 3482 2830 pectora
3532 2743 3758 2822 vestra
3801 2735 4088 2833 penitus

1041 2851 1264 2948 patrio
1328 2852 1447 2925 illo
1508 2861 1580 2926 et
1627 2853 1861 2927 nativo
1904 2850 2135 2952 gentis
2186 2861 2462 2927 nostrae
2505 2876 2712 2926 sensu
2732 2908 2751 2940 ,
2802 2852 3064 2925 Batava
3109 2850 3498 2924 sinceritate
3545 2875 3626 2924 ac
3669 2850 3846 2926 fide!
3925 2854 4084 2927 Me-

1036 2979 1344 3048 mentote
1365 3031 1384 3061 ,
1452 2999 1495 3048 a
1543 2973 1738 3049 vobis
1783 2998 2037 3075 magna
2084 2997 2211 3073 pro
2258 2982 2454 3073 parte
2501 2973 2804 3073 pendere
2853 2972 3162 3046 futuram
3207 2969 3471 3070 patriae
3512 2971 4081 3071 prosperitatem!

1034 3091 1269 3168 Facite
1326 3104 1444 3181 ut,
1516 3096 1796 3193 quando
1864 3095 2079 3170 semel
2140 3120 2179 3169 e
2237 3094 2469 3169 schola
2528 3096 2602 3169 in
2661 3096 2875 3169 vitam
2929 3090 3190 3192 egressi
3239 3090 3432 3165 eritis
3451 3148 3471 3177 ,
3524 3116 3606 3166 ea
3651 3118 3831 3192 quae
3874 3094 4086 3170 Alma

1034 3213 1269 3288 Mater
1325 3213 1521 3287 vobis
1584 3213 2003 3313 impertivit,
2069 3238 2231 3289 cum
2283 3211 2560 3286 foenere
2603 3212 2864 3311 patriae
2910 3210 3253 3284 reddatis!
3308 3209 3530 3284 Vobis
3578 3211 4085 3311 Angustissimi

1038 3333 1255 3431 Regis
1326 3333 1551 3406 verbis
1602 3357 1879 3431 precor,
1947 3342 2093 3407 tam
2142 3332 2410 3407 cunctis
2459 3356 2670 3430 quam
2721 3331 3016 3430 singulis
3063 3330 3334 3430 optima
3384 3355 3702 3430 quaeque
3753 3333 4086 3433 largiatur

1032 3454 1267 3527 Deus!

1134 3692 1374 3765 Unum
1440 3691 1669 3767 adhuc
1736 3691 1912 3766 mihi
1973 3690 2656 3767 commemorandum
2714 3696 2966 3777 restat,
3029 3690 3219 3789 quod
3282 3715 3396 3765 me
3461 3691 3695 3791 ipsum
3772 3694 4074 3793 attingit.

1036 3810 1379 3885 Valetudo
1424 3836 1581 3886 mea
1620 3836 1758 3886 non
1806 3812 2109 3913 amplius
2152 3810 2309 3886 talis
2350 3820 2496 3898 est,
2546 3816 2629 3883 ut
2664 3810 2739 3883 in
2781 3820 3136 3909 posterum
3175 3812 3448 3886 muneri
3491 3812 3666 3886 mihi
3707 3814 4034 3889 mandato
4055 3874 4075 3902 ,

1034 3930 1406 4005 honorifico
1470 3931 1594 4005 sed
1658 3931 1995 4007 laborioso
2012 3991 2032 4020 ,
2072 3930 2474 4006 satisfacere
2519 3929 2779 4029 possim
2841 3955 2925 4005 ea
2966 3930 3106 4005 fide
3158 3954 3378 4030 eaque
3428 3932 3772 4011 industria
3791 3992 3809 4021 ,
3860 3958 4074 4033 quam

1033 4050 1204 4125 mihi
1254 4076 1525 4150 semper
1570 4060 1903 4151 tanquam
1956 4052 2270 4151 regulam
2316 4051 2744 4150 praescripsi.

1130 4169 1408 4249 Quodsi
1471 4169 1689 4269 igitur
1758 4170 1902 4245 solo
1965 4169 2187 4245 officio
2204 4227 2227 4259 ‚
2293 4169 2486 4244 nulla
2554 4168 2690 4243 alia
2759 4193 2968 4243 causa
2985 4228 3005 4257 ,
3086 4196 3200 4245 me
3277 4172 3658 4247 adductum
3737 4172 4030 4247 sentiam
4049 4232 4071 4260 ,

1029 4300 1111 4366 ut
1182 4290 1343 4365 hinc
1429 4290 1783 4365 discedam
1810 4348 1829 4378 ,
1908 4290 2183 4365 animus
2256 4294 2531 4376 tamen,
2615 4297 2696 4363 ut
2777 4288 3005 4364 adhuc
3087 4290 3262 4381 fuit,
3345 4316 3616 4391 semper
3692 4293 3803 4368 hic
3875 4316 4072 4392 prae-

900 4444 903 4455 ·
1031 4436 1189 4487 sens
1254 4410 1403 4485 erit.

1125 4531 1339 4606 Plura
1391 4529 1717 4627 equidem
1762 4530 1891 4605 hac
1938 4531 2105 4607 hora
2150 4530 2239 4605 de
2282 4554 2397 4604 me
2449 4530 2601 4628 ipso
2646 4528 2868 4603 dicere
2919 4530 3222 4607 alienum
3275 4538 3446 4631 puto
3465 4560 3483 4621 ς
3547 4533 3671 4607 sed
3719 4558 3837 4622 ea,
3888 4558 4069 4632 quae

1030 4654 1223 4726 intus
1270 4673 1433 4724 cum
1483 4650 1717 4724 animo
1768 4650 2123 4726 volvebam
2144 4709 2163 4739 ,
2214 4649 2612 4725 reticescere
2661 4673 2798 4724 non
2849 4652 3065 4750 potui.

1133 4773 1297 4846 Jam
1350 4770 1437 4844 ad
1486 4770 1693 4844 officii
1740 4770 1949 4867 hujus
1998 4770 2373 4845 terminum
2422 4770 2690 4845 acoed0.
