4766 6034
1075 615 1209 685 300
2270 618 2344 685 E.
2410 620 2471 685 J.
2539 618 2922 698 KJEHL,

1078 825 1577 911 destituamur,
1652 822 1910 923 quibus
1974 824 2126 903 sine
2198 826 2416 902 animi
2478 828 2768 902 humani
2827 825 3130 903 maximo
3189 824 3606 904 detrimento
3673 852 3906 905 carere
3971 806 4112 905 non

1077 943 1331 1044 poterit
1380 966 1676 1043 sequens
1726 968 2008 1033 aevum,
2072 943 2416 1043 nobisque
2459 943 2602 1019 iam
2651 944 3046 1043 proximum
3066 1001 3089 1034 ,
3147 944 3274 1021 sed
3323 952 3406 1019 ut
3449 971 3536 1023 eo
3589 948 4074 1024 tantummodo
4091 1008 4114 1037 ,

1076 1063 1204 1137 ubi
1253 1063 1701 1163 gravissimus
1746 1064 2071 1141 imminet
2114 1088 2355 1152 casus,
2405 1070 2488 1139 ut
2533 1088 2652 1152 eo,
2700 1063 2828 1138 ubi
2869 1064 3009 1139 iam
3065 1063 3318 1139 rudera
3363 1064 3510 1141 sola
3557 1074 3970 1166 supersunt,
4029 1092 4116 1141 eo

1080 1184 1363 1267 demum
1386 1242 1405 1273 ,
1457 1183 1581 1258 ubi
1628 1208 1871 1260 omnes
1916 1184 2361 1261 consentiunt
2401 1185 2678 1259 ruinam
2727 1208 2878 1259 esse
2917 1184 3332 1283 proximam,
3386 1192 3470 1261 ut
3519 1211 3604 1261 eo
3655 1186 3902 1261 saltem
3947 1186 4112 1261 sub-

1079 1303 1257 1377 sidia
1321 1304 1689 1379 mittantur
1708 1362 1731 1393 ,
1790 1330 2019 1405 neque
2078 1305 2311 1381 desint
2360 1304 2538 1379 vires
2597 1304 2998 1395 etiamnunc
3053 1303 3458 1403 superstites
3501 1306 3593 1381 ad
3643 1311 3852 1405 opein
3893 1304 4109 1381 feren-

1078 1423 1264 1498 dam.
1386 1423 1608 1500 Haud
1665 1424 1919 1501 iniuria
1979 1424 2057 1500 id
2118 1424 2433 1499 homines
2499 1431 2574 1498 et
2633 1424 3060 1499 callidissimi
3127 1447 3404 1523 semper
3463 1424 3864 1525 elegerunt,
3927 1424 4116 1523 quod

1078 1542 1429 1617 mordicus
1493 1545 1906 1634 retinerent,
1974 1553 2046 1621 et
2098 1543 2659 1645 prudentissimi,
2723 1543 2916 1641 quod
2959 1566 3182 1618 unum
3239 1542 3562 1619 flebiliter
3607 1545 3928 1644 lugerent
3969 1568 4114 1619 eor-

1078 1670 1409 1762 ruptum,
1472 1664 1589 1739 eui
1636 1663 2041 1765 corrigendo
2094 1689 2337 1740 omnes
2403 1663 2620 1739 animi
2671 1663 2848 1738 vires
2909 1660 3414 1763 impenderent.
3509 1663 3802 1739 Arduus
3848 1671 3958 1739 est
4007 1663 4150 1737 hic.

1078 1782 1313 1871 labor,
1380 1783 1630 1873 fateor,
1692 1808 1821 1859 nec
1884 1784 2023 1859 cito
2082 1784 2321 1884 peragi
2376 1783 2668 1884 poterit,
2733 1790 2860 1857 aut
2923 1782 3004 1857 in
3045 1782 3288 1883 paucis
3335 1780 3646 1881 planisve
3691 1768 4119 1883 argumentis

1080 1911 1424 1990 versatur,
1475 1902 1601 1977 sed
1646 1902 2095 2002 dignissimus
2134 1910 2281 1992 est,
2324 1903 2402 1978 in
2450 1927 2591 2003 quo
2637 1903 2816 1978 vitae
2853 1902 3068 1976 finem
3116 1909 3190 1977 et
3231 1902 3572 1979 curricula
3617 1928 3996 2003 ponamus,
4041 1903 4114 1976 in

1079 2044 1220 2117 quo
1278 2022 1672 2120 peragendo
1732 2029 1857 2097 aut
1918 2023 2271 2099 victoriam
2329 2023 2632 2123 denique
2681 2022 3147 2123 adipiscamur
3160 2081 3183 2111 ‚
3233 2030 3360 2097 aut
3407 2022 3764 2123 ingruenti
3805 2022 4118 2098 licentiae

1080 2140 1289 2213 simul
1346 2165 1509 2215 cum
1570 2139 1772 2216 bonis
1822 2142 2149 2218 omnibus
2189 2145 2518 2233 acerrime
2566 2144 2962 2217 resistentes
3002 2142 3362 2225 obstemus
3419 2143 3590 2217 dum
3639 2142 3792 2217 fieri
3817 2132 4117 2242 'poterin

1078 2260 1367 2359 eiusque
1411 2260 1833 2337 exitiabilem
1882 2263 1972 2337 ad
1980 2272 2259 2338 ventum
2306 2262 2645 2365 quamdiu
2689 2263 2974 2337 omnino
3019 2261 3255 2336 licebit
3301 2262 3753 2337 retardemus.
3853 2264 4119 2361 Nempe

1075 2378 1207 2453 hoc
1277 2379 1445 2454 satis
1514 2378 1652 2454 dici
1720 2405 1861 2457 non
1938 2388 2205 2481 potest,
2278 2389 2349 2457 et
2396 2382 2702 2456 multum
2761 2406 2994 2457 vereor
3045 2390 3128 2455 ut
3174 2368 3342 2474 satis
3393 2382 3754 2469 credatur,
3801 2381 3896 2455 ob
3947 2381 4118 2455 hanc

1072 2498 1421 2573 licentiam
1470 2500 1695 2599 magis
1746 2501 2109 2600 magisque
2156 2501 2691 2576 invalescentem
2734 2502 2810 2575 in
2859 2524 3136 2576 summo
3177 2500 3319 2577 iam
3369 2502 3676 2601 periculo
3719 2500 3974 2577 versari
4017 2502 4116 2575 in-

1075 2618 1509 2694 stitutionem
1570 2620 1951 2696 iuventutis
2010 2620 2083 2695 in
2136 2620 2359 2721 patria
2409 2630 2657 2697 nostra
2695 2621 3088 2697 universam
3105 2678 3126 2709 ,
3181 2628 3254 2696 et
3309 2619 3490 2696 banc
3531 2621 3742 2695 etiam
3785 2620 4119 2695 academi-

1072 2762 1267 2826 cam,
1337 2763 1519 2837 quae
1585 2738 1645 2814 si
1705 2748 1833 2814 aut
1889 2748 2161 2841 pereat,
2225 2748 2352 2815 aut
2398 2740 2589 2839 quod
2642 2741 2889 2815 eodem
2955 2740 3138 2815 redit
3189 2747 3261 2813 et
3307 2738 3530 2815 multo
3583 2740 3808 2837 magis
3851 2762 4119 2825 vereor,

1072 2854 1351 2953 torpido
1410 2855 1741 2955 languore
1793 2856 2257 2934 obdormiscat
2272 2916 2293 2947 ,
2354 2858 2496 2933 iam
2561 2860 2888 2934 Boeotiae
2945 2859 3118 2934 haee
3181 2859 3404 2959 patria
3418 2917 3440 2946 ,
3504 2882 3717 2958 quam
3785 2858 4082 2933 Athenis
4101 2916 4120 2944 ,

1078 2974 1363 3054 similior
1402 2976 1560 3066 fiet,
1609 3000 1789 3076 quae
1833 2984 2071 3054 contra
2126 2978 2187 3053 si
2229 2978 2459 3054 locum
2509 3004 2718 3056 suum
2763 3002 3034 3056 servare
3085 2979 3258 3058 sciat
3279 3039 3299 3068 ,
3362 2986 3434 3054 et
3475 2979 3770 3056 retineat
3813 2980 3902 3054 ex
3947 2977 4120 3054 anti·

977 3171 985 3179 ,
1077 3095 1435 3195 quioribus
1474 3097 1849 3173 laudabilia
1870 3155 1891 3187 ,
1937 3123 2065 3174 nec
2118 3123 2326 3174 suum
2376 3124 2626 3174 aevum
2671 3100 3004 3199 ignorans
3047 3107 3120 3175 et
3154 3098 3548 3198 aequalium
3599 3099 3832 3175 studia
3869 3098 4124 3174 formas

1074 3218 1360 3317 quidem
1407 3226 1479 3292 et
1528 3217 1829 3317 speeiem
1876 3225 2135 3305 mutat,
2186 3218 2311 3292 sed
2354 3219 2608 3294 retinet
2645 3219 3324 3320 praestantissimum
3369 3219 3544 3294 illud
3587 3227 3662 3294 et
3696 3219 4084 3306 immortale
4101 3277 4120 3305 ,
4179 3285 4185 3290 .

1074 3353 1157 3411 ut
1203 3338 1367 3412 viris
1409 3361 1567 3412 vere
1612 3336 1908 3437 egregiis
1955 3323 2432 3414 committatur
2486 3337 2795 3415 docenda
2859 3339 3028 3416 haec
3075 3340 3404 3416 iuventus
3461 3337 3820 3437 aptissima
3861 3338 4122 3414 ratione

1074 3457 1445 3532 utilissima
1510 3479 1869 3556 quaeque,
1930 3457 1993 3531 si
2052 3463 2335 3532 curatur
2399 3456 2743 3556 denique,
2793 3465 2876 3532 ut
2929 3465 3004 3531 et
3056 3454 3632 3557 praestantissimi
3677 3455 4010 3544 doceant,
4051 3465 4123 3530 et

1074 3575 1253 3652 ratio
1293 3575 1589 3650 docendi
1634 3575 1858 3652 multo
1896 3575 2140 3652 melior
2186 3575 2474 3652 exsistat
2513 3584 2725 3702 atque
2771 3599 2960 3652 nunc
3005 3583 3157 3662 est,
3205 3582 3280 3649 et
3318 3574 3474 3673 ipsa
3509 3573 3836 3648 iuventus
3875 3575 4120 3650 ceteris
4157 3621 4194 3670 ,

1078 3695 1291 3770 etiam
1352 3693 1791 3770 adminiculis
1856 3703 2321 3785 sustentetur,
2385 3721 2566 3796 quae
2621 3722 2870 3774 rerum·
2913 3694 3370 3796 intelligentia
3428 3694 3970 3785 demonstrabit,
4021 3697 4117 3770 nil

1078 3816 1219 3890 fere
1280 3814 1571 3914 cogitari
1626 3821 1857 3913 potest
1909 3814 2082 3892 adeo
2130 3815 2594 3916 praeclarum,
2663 3817 2854 3915 quod
2913 3816 3014 3892 ita
3061 3813 3564 3915 sapientissime
3611 3839 3829 3914 agens
3879 3816 4117 3892 civitas

1076 3943 1311 4010 nostra
1358 3957 1499 4009 non
1546 3941 1973 4034 assequetur.

1174 4163 1653 4252 Moderatores
1728 4175 1939 4251 huius
1968 4175 2351 4252 ‘Athenaei
2368 4158 2414 4266 ‚⁸
2459 4201 2718 4276 vosque
2798 4176 3249 4253 decurionum
3321 4175 3734 4275 oouegiumt
3851 4173 4112 4247 Vestris

1080 4295 1427 4395 suffragiis
1484 4295 1557 4369 in
1610 4294 1793 4371 hanc
1840 4295 2238 4372 cathedram
2300 4303 2584 4372 vocatus
2602 4355 2624 4385 ‚
2685 4296 2763 4372 id
2803 4297 2944 4372 iam
2986 4291 3182 4371 vobis
3223 4295 3433 4370 etiam
3487 4295 3741 4382 debeo,
3795 4299 3876 4367 ut
3923 4292 4126 4372 haud,

1073 4414 1444 4514 indignum
1510 4439 1629 4491 vos
1680 4415 2002 4514 selegisse
2056 4416 2546 4492 demonstrem.
2659 4417 2864 4506 Quod
2923 4440 3038 4492 me
3090 4407 3294 4492 ‘omni
3349 4414 3418 4486 vi
3480 4421 3846 4490 conantem
3913 4436 4111 4511 spero

1076 4533 1327 4608 videtis
1341 4591 1362 4622 ,
1431 4543 1501 4609 et
1550 4558 1750 4632 porro
1796 4543 2207 4610 conaturum
2250 4533 2446 4609 vobis
2493 4534 2820 4634 spondeo.
2921 4534 3038 4608 Sic
3089 4540 3324 4609 autem
3379 4555 3579 4631 agam
3599 4590 3620 4620 ,
3671 4537 3753 4605 ut
3797 4537 3896 4634 et⁸
3918 4529 4109 4603 vobis

1074 4651 1379 4728 tribuam
1438 4651 1771 4736 honorem
1790 4711 1811 4742 ,
1877 4655 2001 4753 qui
2058 4653 2301 4730 multis
2362 4652 2762 4728 nominibus
2819 4653 3144 4741 debetur,
3195 4657 3266 4725 et
3315 4675 3578 4726 servem
3631 4653 3846 4750 quam
3906 4648 4108 4723 unice

1077 4769 1293 4869 diligo
1313 4828 1333 4859 ,
1382 4771 1771 4873 cogitandi,
1816 4781 1889 4848 et
1938 4773 2247 4861 dicendi,
2312 4781 2383 4848 et
2428 4773 2618 4871 quod
2659 4771 3044 4850 maximum
3089 4781 3196 4849 est
3245 4771 3499 4872 agendi
3546 4771 3932 4878 libertatem
3954 4827 3975 4859 ,
4017 4777 4108 4864 ‘ut
