4766 6034
1587 630 1972 697 SERIES
2039 626 2704 697 LECTIONUM.
3576 626 3659 693 63

817 840 1205 915 Literarum
1263 834 1717 912 Arabicarum
1741 894 1762 927 ,
1825 836 2356 914 chaldaicarum
2413 845 2483 912 et
2531 836 2965 935 Syriacarum
3016 834 3213 911 initia

913 958 1190 1034 docebit
1239 958 1445 1051 (duce
1491 957 1596 1031 cl.
1651 958 1963 1033 Rooum
1989 1016 2009 1047 ‚
2063 959 2387 1033 Wmaao
2409 1015 2430 1048 ,
2476 957 2981 1049 Unnmrmo)
3005 1012 3027 1045 ,
3070 954 3212 1030 die-

913 1079 1049 1154 bus
1097 1078 1323 1168 Iovia,
1373 1076 1664 1153 Veneris
1711 1085 1784 1153 et
1834 1078 2159 1167 Saturni,
2239 1133 3205 1154 ..............
3260 1076 3427 1151 hora
3447 1076 3653 1151 VIII.
3746 1158 3757 1167 ,

817 1201 1002 1277 Cum
1071 1197 1612 1297 provectioribus
1705 1197 2061 1299 discipulis
2132 1200 2358 1298 legere
2431 1206 2675 1298 perget
2750 1198 3217 1295 Al-bayc'mo’l-

911 1320 1188 1417 qurib
1207 1376 1229 1407 ‚
1274 1343 1361 1392 ex
1409 1317 1520 1395 ed.
1571 1318 1678 1393 Cl.
1722 1316 1962 1391 Dozrr
1982 1374 2000 1403 ,
2052 1316 2164 1391 die
2204 1316 2449 1391 Lunae
2499 1324 2571 1390 et
2620 1315 2993 1435 Mercurii,
3045 1372 3063 1391 .
3118 1374 3133 1389 .
3192 1375 3205 1389 .
3551 1315 3647 1389 II.

831 1440 1158 1512 Coranum
1178 1495 1198 1526 ‚
1275 1436 1516 1513 addita
1591 1436 1886 1512 lectione
1968 1438 2445 1512 Commentaaeii
2508 1436 2999 1512 Baidlaebwiani
3015 1493 3035 1524 ‚
3108 1435 3222 1509 die

913 1556 1204 1633 Veneris
1223 1616 1244 1647 ,
1305 1610 3211 1635 ...........................
3554 1556 3651 1627 II.

828 1680 1426 1753 Chrestomatlaiam
1513 1681 1869 1776 Syriacam
1963 1678 2563 1781 Bernateinianam
2589 1722 2627 1766 ,-
2710 1689 2781 1752 et
2870 1678 3152 1751 Drom’s
3160 1702 3217 1749 11

913 1799 1540 1873 TELMAnAuaNsrs
1599 1800 1970 1873 Chronicon
2021 1800 2177 1897 Syr.
2205 1856 2225 1887 ‚
2290 1822 2334 1872 a
2383 1799 2863 1874 Tunnnnnoro
2908 1798 3172 1873 editum
3196 1857 3216 1886 ‚

914 1918 1030 1993 die
1076 1918 1329 2025 Martis
1349 1975 1372 2007 ,
1447 1975 3211 1996 .........................
3558 1919 3657 1992 ΙΙ.

608 2040 675 2114 1.
734 2040 832 2115 Η.
885 2040 1265 2113 Srorrxnn
1311 2038 1644 2137 Logicam
1686 2039 1955 2127 tradet,
2001 2038 2116 2114 die
2170 2038 2398 2128 Iovis,
2471 2098 2486 2115 .
2546 2098 2561 2115 .
2615 2098 2630 2113 .
2676 2028 2683 2039 ’
2690 2096 3213 2115 ........
3505 2038 3658 2126 ΙΧ,

1010 2166 1082 2233 et
1129 2158 1242 2234 die
1290 2158 1582 2233 Veneris
1602 2214 3207 2248 .......................
3313 2157 3421 2232 XI
3479 2167 3546 2233 et
3596 2161 3655 2233 I.

817 2278 1372 2378 Metaphysicam
1421 2279 1696 2354 docebit
1715 2338 1735 2369 ‚
1785 2279 2034 2354 diebus
2083 2278 2335 2354 Martis
2385 2286 2457 2353 et
2501 2278 2830 2353 Mercurii
2852 2334 3208 2365 ......
3562 2276 3658 2352 X.

820 2399 1205 2475 Historiam
1270 2399 1754 2500 Philosophiae
1817 2399 2226 2498 explicabit,
2292 2398 2541 2473 diebus
2587 2399 2830 2472 Lunae
2877 2404 2947 2469 et
2995 2396 3180 2470 Iovis
3200 2456 3219 2483 ‚
3485 2396 3657 2471 XII.

779 2504 1365 2620 ‚Paedagogicam
1427 2529 1766 2620 exponet,
1831 2520 2080 2595 diebus
2147 2526 2220 2595 et
2280 2518 2467 2594 horis
2534 2516 2969 2593 auditoribus
3030 2540 3215 2591 com·

909 2640 1158 2715 modis.

603 2760 698 2833 C.
771 2760 861 2833 G.
931 2759 1178 2834 Conm-
1255 2761 1820 2861 interpretabitur
1893 2763 2373 2838 Hanonoruu
2398 2821 2418 2851 ,
2503 2761 3071 2836 Dnuosmmu
3151 2767 3221 2834 et

713 2880 1312 2955 ArusrornAmm
1332 2939 1351 2970 ,
1403 2882 1652 2959 diebus
1697 2884 1940 2957 Lunae
1964 2940 1984 2971 ‚
2032 2882 2284 2958 Martis
2333 2890 2404 2957 et
2452 2880 2821 2970 Mercurii,
2900 2939 3208 2958 .....
3562 2880 3655 2955 Χ.

811 2998 1200 3076 Historiam
1263 3008 1564 3078 veterem
1628 2997 2084 3101 provectiores
2144 2997 2458 3089 docebit,
2528 2999 2775 3076 diebus
2843 2999 3087 3076 Lunae
3148 3008 3219 3076 et

911 3105 1245 3195 Mercurii
1255 3177 3209 3210 ............................
3594 3121 3657 3196 Ι.

816 3239 1297 3339 Antiquitates
1357 3243 1709 3318 Romanas
1783 3241 2046 3328 tradet,
2136 3241 2385 3316 diebus
2449 3240 2693 3316 Lunae
2714 3301 2735 3330 ,
2819 3240 3070 3316 Martis
3146 3248 3220 3315 et

918 3360 1250 3435 Mercurii
1264 3420 1285 3452 ‚
1367 3419 3214 3438 ..........................
3487 3360 3659 3437 ΧΠ.

812 3479 1293 3580 Antiquitates
1338 3483 1691 3557 Romanas
1739 3481 2025 3558 selectas
2065 3506 2228 3558 cum
2272 3481 2812 3582 provectioribus
2847 3489 3215 3582 pertracta-

914 3600 1060 3689 bit,
1109 3602 1222 3676 die
1271 3601 1504 3690 Jovis,
1584 3660 3209 3680 .......................
3487 3601 3661 3676 XII.

825 3720 1110 3795 Scholas
1157 3720 1660 3822 paedagogicas
1707 3720 1996 3798 habebit
2013 3781 2033 3812 ‚
2085 3722 2333 3797 diebus
2382 3723 2635 3797 Martis
2682 3730 2755 3796 et
2801 3723 2987 3798 Iovis
3005 3782 3024 3811 ,
3052 3780 3071 3797 .
3124 3781 3141 3800 .
3197 3780 3215 3799 .
3558 3723 3659 3794 ΙΙ.

821 3839 1187 3917 Elementa
1233 3843 1426 3918 Artis
1475 3842 1799 3918 metricae
1861 3841 2136 3916 docebit
2152 3901 2173 3931 ,
2245 3841 2495 3918 diebus
2542 3843 2729 3918 Iovis
2765 3840 2849 3918 'et
2894 3841 3185 3916 Veneris
3202 3901 3221 3931 ,
3599 3842 3660 3915 Ι.

817 3959 1033 4036 Initia
1091 3962 1666 4062 Palaeographiae
1722 3966 2024 4038 Graecae
2089 3963 2499 4038 candidatis
2558 3963 2950 4040 Literarum
3000 3964 3212 4063 expli-

918 4080 1104 4155 cabit
1127 4139 1147 4170 ‚
1197 4081 1446 4156 diebus
1492 4081 1782 4157 Veneris
1831 4088 1904 4156 et
1951 4081 2234 4155 Saturni
2251 4131 3209 4170 ..............
3310 4080 3657 4155 IX—XI.

819 4200 1248 4300 Disputandi
1293 4201 1629 4278 Exercitia
1674 4201 1955 4302 publica
1999 4199 2472 4279 moderabitur
2494 4258 2514 4288 ‚
2564 4201 2679 4276 die
2726 4201 2911 4275 Iovis
2929 4258 2989 4288 ‚.
3046 4257 3063 4275 .
3119 4257 3135 4274 .
3190 4257 3207 4274 .
3520 4199 3655 4274 XI.

609 4323 708 4394 R.
764 4321 848 4395 P.
913 4322 1004 4395 A.
1067 4322 1314 4409 Dozr,
1378 4321 1564 4396 Prof.
1607 4322 1970 4397 Extraord.
1993 4380 2014 4410 ‚
2075 4320 2461 4396 Historiam
2502 4319 2959 4395 universalem
3000 4317 3212 4417 expli-

716 4439 910 4515 cabit
929 4497 949 4528 ‚
1001 4439 1250 4515 diebus
1297 4437 1576 4530 Lunae‘,
1625 4441 1878 4517 Martis
1927 4449 1998 4516 et
2044 4440 2376 4515 Mercurii
2393 4495 3212 4527 ............
3525 4438 3658 4513 XI.

816 4561 1042 4634 Locos
1085 4559 1444 4636 historicos
1487 4561 1899 4636 difficiliores
1940 4567 2012 4636 et
2043 4559 2228 4635 varia
2255 4558 2607 4634 Historiae
2630 4557 2964 4634 literariae
2990 4555 3216 4655 capita

918 4679 1283 4768 tractabit,
1332 4679 1580 4755 diebus
1627 4680 1812 4756 Iovis
1859 4687 1930 4755 et
1982 4679 2270 4756 Veneris
2290 4738 2311 4770 ‚
2402 4735 3213 4755 ............
3560 4675 3629 4750 X

819 4799 1407 4897 Interpretabitur
1450 4801 1666 4877 ffitc‘zb
1716 4801 2067 4900 erl-ayc'mi',
2121 4799 2235 4876 die
2284 4800 2527 4875 Lunae
2545 4859 2566 4892 ,
2617 4798 2785 4874 hora
2831 4797 3217 4896 vespertina
3489 4796 3655 4871 VII.
