<?xml version="1.0" encoding="UTF-8"?>
<!DOCTYPE html PUBLIC "-//W3C//DTD XHTML 1.0 Transitional//EN"
    "http://www.w3.org/TR/xhtml1/DTD/xhtml1-transitional.dtd">
<html xmlns="http://www.w3.org/1999/xhtml" xml:lang="en" lang="en">
 <head>
  <title>
</title>
<meta http-equiv="Content-Type" content="text/html;charset=utf-8" />
  <meta name='ocr-system' content='tesseract 3.04.00' />
  <meta name='ocr-capabilities' content='ocr_page ocr_carea ocr_par ocr_line ocrx_word'/>
</head>
<body>
  <div class='ocr_page' id='page_1' title='image "annalesacademic02confgoog_0371.png"; bbox 0 0 4766 6034; ppageno 0'>
   <div class='ocr_carea' id='block_1_1' title="bbox 1273 1519 3781 1710">
    <p class='ocr_par' dir='ltr' id='par_1_1' title="bbox 1273 1519 3781 1710">
     <span class='ocr_line' id='line_1_1' title="bbox 1273 1519 3781 1611; baseline 0.001 -15"><span class='ocrx_word' id='word_1_1' title='bbox 1273 1519 1738 1597; x_wconf 74' lang='lat' dir='ltr'><strong>AcADEm&#39;AE</strong></span> <span class='ocrx_word' id='word_1_2' title='bbox 1781 1535 2627 1598; x_wconf 82' lang='lat' dir='ltr'><strong>RHENO·TRAIECTINAE</strong></span> <span class='ocrx_word' id='word_1_3' title='bbox 2671 1535 3168 1610; x_wconf 78' lang='lat' dir='ltr'><strong>CURATORES,</strong></span> <span class='ocrx_word' id='word_1_4' title='bbox 3212 1537 3781 1611; x_wconf 85' lang='lat' dir='ltr'><strong>PBOFESSORES,</strong></span> 
     </span>
     <span class='ocr_line' id='line_1_2' title="bbox 1346 1635 3050 1710; baseline 0.005 -15"><span class='ocrx_word' id='word_1_5' title='bbox 1346 1635 1781 1710; x_wconf 79' lang='lat' dir='ltr'><strong>LECTOBES,</strong></span> <span class='ocrx_word' id='word_1_6' title='bbox 1825 1638 2080 1700; x_wconf 77' lang='lat' dir='ltr'>CIVESI</span> <span class='ocrx_word' id='word_1_7' title='bbox 3048 1653 3050 1656; x_wconf 53' lang='lat'><em>⁴</em></span> 
     </span>
    </p>
   </div>
   <div class='ocr_carea' id='block_1_2' title="bbox 1274 1782 3743 1849">
    <p class='ocr_par' dir='ltr' id='par_1_2' title="bbox 1274 1782 3743 1849">
     <span class='ocr_line' id='line_1_3' title="bbox 1274 1782 3743 1849; baseline 0.002 -7"><span class='ocrx_word' id='word_1_8' title='bbox 1274 1782 1840 1848; x_wconf 79' lang='lat' dir='ltr'><strong>CUIUSCUNQUE</strong></span> <span class='ocrx_word' id='word_1_9' title='bbox 1880 1783 2207 1848; x_wconf 86' lang='lat' dir='ltr'>OBDINIS</span> <span class='ocrx_word' id='word_1_10' title='bbox 2247 1787 2350 1846; x_wconf 89' lang='grc' dir='ltr'><strong>ΕΤ</strong></span> <span class='ocrx_word' id='word_1_11' title='bbox 2390 1785 2577 1847; x_wconf 89' lang='lat' dir='ltr'>LOCI</span> <span class='ocrx_word' id='word_1_12' title='bbox 2617 1784 3065 1848; x_wconf 84' lang='lat' dir='ltr'><strong>AUDITORES</strong></span> <span class='ocrx_word' id='word_1_13' title='bbox 3107 1787 3743 1849; x_wconf 83' lang='lat' dir='ltr'><strong>EXOPTATISSIMU</strong></span> 
     </span>
    </p>
   </div>
   <div class='ocr_carea' id='block_1_3' title="bbox 739 2231 3787 4891">
    <p class='ocr_par' dir='ltr' id='par_1_3' title="bbox 739 2231 3787 4891">
     <span class='ocr_line' id='line_1_4' title="bbox 939 2231 3783 2365; baseline 0.002 -29"><span class='ocrx_word' id='word_1_14' title='bbox 939 2231 1378 2339; x_wconf 82' lang='lat' dir='ltr'><strong>Academiae</strong></span> <span class='ocrx_word' id='word_1_15' title='bbox 1448 2267 1800 2365; x_wconf 84' lang='lat' dir='ltr'><strong>regundae</strong></span> <span class='ocrx_word' id='word_1_16' title='bbox 1867 2293 2126 2343; x_wconf 86' lang='lat' dir='ltr'><strong>munus</strong></span> <span class='ocrx_word' id='word_1_17' title='bbox 2187 2268 2362 2341; x_wconf 91' lang='lat' dir='ltr'><strong>festo</strong></span> <span class='ocrx_word' id='word_1_18' title='bbox 2431 2267 2559 2340; x_wconf 92' lang='lat' dir='ltr'><strong>hoc</strong></span> <span class='ocrx_word' id='word_1_19' title='bbox 2620 2267 2733 2342; x_wconf 91' lang='lat' dir='ltr'><strong>die</strong></span> <span class='ocrx_word' id='word_1_20' title='bbox 2803 2275 3180 2365; x_wconf 89' lang='lat' dir='ltr'><strong>ponentem</strong></span> <span class='ocrx_word' id='word_1_21' title='bbox 3254 2268 3363 2342; x_wconf 89' lang='lat' dir='ltr'><strong>lex</strong></span> <span class='ocrx_word' id='word_1_22' title='bbox 3426 2293 3535 2342; x_wconf 91' lang='lat' dir='ltr'><strong>me</strong></span> <span class='ocrx_word' id='word_1_23' title='bbox 3586 2267 3783 2342; x_wconf 89' lang='lat' dir='ltr'><strong>iubet</strong></span> 
     </span>
     <span class='ocr_line' id='line_1_5' title="bbox 750 2387 3784 2485; baseline 0.001 -27"><span class='ocrx_word' id='word_1_24' title='bbox 750 2409 1061 2460; x_wconf 89' lang='lat' dir='ltr'><strong>enarrare</strong></span> <span class='ocrx_word' id='word_1_25' title='bbox 1083 2443 1102 2473; x_wconf 91' lang='lat'><strong>,</strong></span> <span class='ocrx_word' id='word_1_26' title='bbox 1171 2409 1350 2484; x_wconf 90' lang='lat' dir='ltr'><strong>quae</strong></span> <span class='ocrx_word' id='word_1_27' title='bbox 1404 2387 1625 2461; x_wconf 88' lang='lat' dir='ltr'><strong>almae</strong></span> <span class='ocrx_word' id='word_1_28' title='bbox 1683 2388 1888 2463; x_wconf 89' lang='lat' dir='ltr'><strong>matri</strong></span> <span class='ocrx_word' id='word_1_29' title='bbox 1929 2397 2210 2463; x_wconf 88' lang='lat' dir='ltr'><strong>nostrae</strong></span> <span class='ocrx_word' id='word_1_30' title='bbox 2259 2395 2411 2461; x_wconf 91' lang='lat' dir='ltr'><strong>tum</strong></span> <span class='ocrx_word' id='word_1_31' title='bbox 2461 2411 2814 2485; x_wconf 91' lang='lat' dir='ltr'><strong>prospera,</strong></span> <span class='ocrx_word' id='word_1_32' title='bbox 2861 2397 3012 2464; x_wconf 91' lang='lat' dir='ltr'><strong>tum</strong></span> <span class='ocrx_word' id='word_1_33' title='bbox 3064 2388 3349 2462; x_wconf 85' lang='lat' dir='ltr'><strong>adversa</strong></span> <span class='ocrx_word' id='word_1_34' title='bbox 3394 2388 3784 2475; x_wconf 82' lang='lat' dir='ltr'><strong>evenerint,</strong></span> 
     </span>
     <span class='ocr_line' id='line_1_6' title="bbox 745 2505 3783 2610; baseline 0.001 -30"><span class='ocrx_word' id='word_1_35' title='bbox 745 2529 858 2580; x_wconf 88' lang='lat' dir='ltr'><strong>me</strong></span> <span class='ocrx_word' id='word_1_36' title='bbox 916 2505 1232 2580; x_wconf 89' lang='lat' dir='ltr'><strong>Rectore.</strong></span> <span class='ocrx_word' id='word_1_37' title='bbox 1305 2505 1519 2584; x_wconf 85' lang='lat' dir='ltr'><strong>Quod</strong></span> <span class='ocrx_word' id='word_1_38' title='bbox 1563 2532 1785 2605; x_wconf 92' lang='lat' dir='ltr'><strong>quum</strong></span> <span class='ocrx_word' id='word_1_39' title='bbox 1837 2509 2124 2608; x_wconf 85' lang='lat' dir='ltr'><strong>exsequi</strong></span> <span class='ocrx_word' id='word_1_40' title='bbox 2167 2507 2531 2610; x_wconf 86' lang='lat' dir='ltr'><strong>aggredior</strong></span> <span class='ocrx_word' id='word_1_41' title='bbox 2572 2507 2908 2596; x_wconf 89' lang='lat' dir='ltr'><strong>officium,</strong></span> <span class='ocrx_word' id='word_1_42' title='bbox 2962 2531 3103 2582; x_wconf 91' lang='lat' dir='ltr'><strong>non</strong></span> <span class='ocrx_word' id='word_1_43' title='bbox 3156 2531 3442 2606; x_wconf 88' lang='lat' dir='ltr'><strong>possum</strong></span> <span class='ocrx_word' id='word_1_44' title='bbox 3484 2531 3623 2581; x_wconf 88' lang='lat' dir='ltr'><strong>non</strong></span> <span class='ocrx_word' id='word_1_45' title='bbox 3672 2533 3783 2582; x_wconf 90' lang='lat' dir='ltr'><strong>me</strong></span> 
     </span>
     <span class='ocr_line' id='line_1_7' title="bbox 743 2625 3786 2728; baseline 0.001 -30"><span class='ocrx_word' id='word_1_46' title='bbox 743 2633 850 2698; x_wconf 88' lang='lat' dir='ltr'><strong>ter</strong></span> <span class='ocrx_word' id='word_1_47' title='bbox 911 2633 1297 2725; x_wconf 84' lang='lat' dir='ltr'><strong>quaterque</strong></span> <span class='ocrx_word' id='word_1_48' title='bbox 1360 2626 1644 2702; x_wconf 88' lang='lat' dir='ltr'><strong>beatum</strong></span> <span class='ocrx_word' id='word_1_49' title='bbox 1705 2629 2120 2728; x_wconf 82' lang='lat' dir='ltr'><strong>praedicare.</strong></span> <span class='ocrx_word' id='word_1_50' title='bbox 2221 2629 2334 2703; x_wconf 92' lang='lat' dir='ltr'><strong>Ne</strong></span> <span class='ocrx_word' id='word_1_51' title='bbox 2398 2635 2631 2703; x_wconf 87' lang='lat' dir='ltr'><strong>tamen</strong></span> <span class='ocrx_word' id='word_1_52' title='bbox 2690 2625 2987 2728; x_wconf 89' lang='lat' dir='ltr'><strong>putetis,</strong></span> <span class='ocrx_word' id='word_1_53' title='bbox 3065 2651 3179 2703; x_wconf 84' lang='lat' dir='ltr'><strong>me</strong></span> <span class='ocrx_word' id='word_1_54' title='bbox 3240 2625 3373 2702; x_wconf 87' lang='lat' dir='ltr'><strong>hoc</strong></span> <span class='ocrx_word' id='word_1_55' title='bbox 3440 2625 3786 2702; x_wconf 83' lang='lat' dir='ltr'><strong>dicentem</strong></span> 
     </span>
     <span class='ocr_line' id='line_1_8' title="bbox 745 2745 3787 2846; baseline 0.001 -27"><span class='ocrx_word' id='word_1_56' title='bbox 745 2745 1136 2844; x_wconf 86' lang='lat' dir='ltr'><strong>significare</strong></span> <span class='ocrx_word' id='word_1_57' title='bbox 1155 2805 1174 2836; x_wconf 91' lang='lat'><strong>,</strong></span> <span class='ocrx_word' id='word_1_58' title='bbox 1246 2771 1452 2846; x_wconf 85' lang='lat' dir='ltr'><strong>grave</strong></span> <span class='ocrx_word' id='word_1_59' title='bbox 1519 2755 1592 2823; x_wconf 89' lang='lat' dir='ltr'><strong>et</strong></span> <span class='ocrx_word' id='word_1_60' title='bbox 1651 2749 2026 2826; x_wconf 89' lang='lat' dir='ltr'><strong>molestum</strong></span> <span class='ocrx_word' id='word_1_61' title='bbox 2073 2749 2248 2826; x_wconf 87' lang='lat' dir='ltr'><strong>mihi</strong></span> <span class='ocrx_word' id='word_1_62' title='bbox 2294 2748 2509 2824; x_wconf 86' lang='lat' dir='ltr'><strong>fuisse</strong></span> <span class='ocrx_word' id='word_1_63' title='bbox 2554 2747 3009 2824; x_wconf 87' lang='lat' dir='ltr'><strong>honorificum</strong></span> <span class='ocrx_word' id='word_1_64' title='bbox 3054 2747 3231 2822; x_wconf 92' lang='lat' dir='ltr'><strong>illud</strong></span> <span class='ocrx_word' id='word_1_65' title='bbox 3278 2771 3581 2824; x_wconf 86' lang='lat' dir='ltr'><strong>munus:</strong></span> <span class='ocrx_word' id='word_1_66' title='bbox 3646 2771 3787 2846; x_wconf 93' lang='lat' dir='ltr'><strong>quo</strong></span> 
     </span>
     <span class='ocr_line' id='line_1_9' title="bbox 745 2867 3785 2968; baseline 0 -28"><span class='ocrx_word' id='word_1_67' title='bbox 745 2867 1004 2965; x_wconf 80' lang='lat' dir='ltr'><strong>magna</strong></span> <span class='ocrx_word' id='word_1_68' title='bbox 1057 2890 1220 2942; x_wconf 93' lang='lat' dir='ltr'><strong>cum</strong></span> <span class='ocrx_word' id='word_1_69' title='bbox 1279 2867 1630 2967; x_wconf 87' lang='lat' dir='ltr'><strong>voluptate</strong></span> <span class='ocrx_word' id='word_1_70' title='bbox 1683 2893 1794 2944; x_wconf 91' lang='lat' dir='ltr'><strong>me</strong></span> <span class='ocrx_word' id='word_1_71' title='bbox 1841 2870 2162 2946; x_wconf 90' lang='lat' dir='ltr'><strong>functum</strong></span> <span class='ocrx_word' id='word_1_72' title='bbox 2212 2895 2362 2944; x_wconf 89' lang='lat' dir='ltr'><strong>esse</strong></span> <span class='ocrx_word' id='word_1_73' title='bbox 2405 2877 2603 2968; x_wconf 88' lang='lat' dir='ltr'><strong>grato</strong></span> <span class='ocrx_word' id='word_1_74' title='bbox 2657 2867 2889 2944; x_wconf 92' lang='lat' dir='ltr'><strong>animo</strong></span> <span class='ocrx_word' id='word_1_75' title='bbox 2934 2869 3283 2944; x_wconf 88' lang='lat' dir='ltr'><strong>testificor.</strong></span> <span class='ocrx_word' id='word_1_76' title='bbox 3368 2868 3509 2942; x_wconf 90' lang='lat' dir='ltr'><strong>Sed</strong></span> <span class='ocrx_word' id='word_1_77' title='bbox 3560 2867 3785 2956; x_wconf 83' lang='lat' dir='ltr'><strong>subit,</strong></span> 
     </span>
     <span class='ocr_line' id='line_1_10' title="bbox 742 2983 3786 3090; baseline 0.001 -31"><span class='ocrx_word' id='word_1_78' title='bbox 742 2983 872 3059; x_wconf 91' lang='lat' dir='ltr'><strong>hac</strong></span> <span class='ocrx_word' id='word_1_79' title='bbox 919 2985 1072 3085; x_wconf 88' lang='lat' dir='ltr'><strong>ipsa</strong></span> <span class='ocrx_word' id='word_1_80' title='bbox 1115 2984 1318 3076; x_wconf 86' lang='lat' dir='ltr'><strong>hora,</strong></span> <span class='ocrx_word' id='word_1_81' title='bbox 1365 2986 1756 3065; x_wconf 87' lang='lat' dir='ltr'><strong>tristissima</strong></span> <span class='ocrx_word' id='word_1_82' title='bbox 1795 2988 1984 3066; x_wconf 90' lang='lat' dir='ltr'><strong>illius</strong></span> <span class='ocrx_word' id='word_1_83' title='bbox 2035 2990 2173 3067; x_wconf 90' lang='lat' dir='ltr'><strong>diei</strong></span> <span class='ocrx_word' id='word_1_84' title='bbox 2217 2989 2449 3090; x_wconf 82' lang='lat' dir='ltr'><strong>imago</strong></span> <span class='ocrx_word' id='word_1_85' title='bbox 2470 3048 2489 3079; x_wconf 90' lang='lat'><strong>,</strong></span> <span class='ocrx_word' id='word_1_86' title='bbox 2548 3014 2723 3089; x_wconf 89' lang='lat' dir='ltr'><strong>quo,</strong></span> <span class='ocrx_word' id='word_1_87' title='bbox 2770 2995 2931 3065; x_wconf 88' lang='lat' dir='ltr'><strong>ante</strong></span> <span class='ocrx_word' id='word_1_88' title='bbox 2972 2987 3372 3088; x_wconf 89' lang='lat' dir='ltr'><strong>quindecim</strong></span> <span class='ocrx_word' id='word_1_89' title='bbox 3407 2988 3534 3064; x_wconf 90' lang='lat' dir='ltr'><strong>hos</strong></span> <span class='ocrx_word' id='word_1_90' title='bbox 3568 3012 3786 3064; x_wconf 89' lang='lat' dir='ltr'><strong>annos</strong></span> 
     </span>
     <span class='ocr_line' id='line_1_11' title="bbox 747 3105 3785 3211; baseline 0.001 -32"><span class='ocrx_word' id='word_1_91' title='bbox 747 3105 834 3179; x_wconf 92' lang='lat' dir='ltr'><strong>de</strong></span> <span class='ocrx_word' id='word_1_92' title='bbox 882 3106 1306 3205; x_wconf 85' lang='lat' dir='ltr'><strong>Magistratu</strong></span> <span class='ocrx_word' id='word_1_93' title='bbox 1345 3110 1737 3189; x_wconf 87' lang='lat' dir='ltr'><strong>academico</strong></span> <span class='ocrx_word' id='word_1_94' title='bbox 1788 3112 2150 3188; x_wconf 84' lang='lat' dir='ltr'><strong>decedenti</strong></span> <span class='ocrx_word' id='word_1_95' title='bbox 2170 3171 2189 3201; x_wconf 91' lang='lat'><strong>,</strong></span> <span class='ocrx_word' id='word_1_96' title='bbox 2241 3110 2653 3211; x_wconf 87' lang='lat' dir='ltr'><strong>parentandi</strong></span> <span class='ocrx_word' id='word_1_97' title='bbox 2698 3109 2871 3185; x_wconf 91' lang='lat' dir='ltr'><strong>mihi</strong></span> <span class='ocrx_word' id='word_1_98' title='bbox 2922 3116 3118 3185; x_wconf 87' lang='lat' dir='ltr'><strong>erant</strong></span> <span class='ocrx_word' id='word_1_99' title='bbox 3166 3107 3515 3183; x_wconf 86' lang='lat' dir='ltr'><strong>triumviri</strong></span> <span class='ocrx_word' id='word_1_100' title='bbox 3554 3107 3785 3183; x_wconf 87' lang='lat' dir='ltr'><strong>claris-</strong></span> 
     </span>
     <span class='ocr_line' id='line_1_12' title="bbox 741 3210 3784 3326; baseline 0 -26"><span class='ocrx_word' id='word_1_101' title='bbox 741 3226 939 3315; x_wconf 88' lang='lat' dir='ltr'><strong>simi,</strong></span> <span class='ocrx_word' id='word_1_102' title='bbox 1015 3227 1376 3326; x_wconf 86' lang='lat' dir='ltr'><strong>splendida</strong></span> <span class='ocrx_word' id='word_1_103' title='bbox 1441 3231 1860 3307; x_wconf 80' lang='lat' dir='ltr'><strong>Academiae</strong></span> <span class='ocrx_word' id='word_1_104' title='bbox 1898 3220 2189 3307; x_wconf 54' lang='lat' dir='ltr'><strong>&#39;nostrae</strong></span> <span class='ocrx_word' id='word_1_105' title='bbox 2231 3231 2497 3307; x_wconf 90' lang='lat' dir='ltr'><strong>lumina</strong></span> <span class='ocrx_word' id='word_1_106' title='bbox 2544 3239 2616 3305; x_wconf 90' lang='lat' dir='ltr'><strong>et</strong></span> <span class='ocrx_word' id='word_1_107' title='bbox 2656 3236 3096 3319; x_wconf 86' lang='lat' dir='ltr'><strong>ornamenta,</strong></span> <span class='ocrx_word' id='word_1_108' title='bbox 3154 3210 3539 3305; x_wconf 67' lang='lat' dir='ltr'><strong>Hnusmt&#39;i&#39;s</strong></span> <span class='ocrx_word' id='word_1_109' title='bbox 3562 3285 3581 3316; x_wconf 92' lang='lat'>‚</span> <span class='ocrx_word' id='word_1_110' title='bbox 3630 3226 3784 3301; x_wconf 64' lang='lat' dir='ltr'><strong><em>HF.-</em></strong></span> 
     </span>
     <span class='ocr_line' id='line_1_13' title="bbox 747 3342 3785 3450; baseline 0 -30"><span class='ocrx_word' id='word_1_111' title='bbox 747 3370 976 3422; x_wconf 72' lang='lat' dir='ltr'><strong>nmoA</strong></span> <span class='ocrx_word' id='word_1_112' title='bbox 1000 3408 1018 3436; x_wconf 91' lang='lat'><strong>,</strong></span> <span class='ocrx_word' id='word_1_113' title='bbox 1119 3356 1461 3450; x_wconf 90' lang='lat' dir='ltr'><strong>tuusque,</strong></span> <span class='ocrx_word' id='word_1_114' title='bbox 1543 3352 1918 3427; x_wconf 83' lang='lat' dir='ltr'><strong>clarissime</strong></span> <span class='ocrx_word' id='word_1_115' title='bbox 1995 3346 2481 3429; x_wconf 63' lang='lat' dir='ltr'><strong>Sunauanisn!</strong></span> <span class='ocrx_word' id='word_1_116' title='bbox 2573 3350 3199 3427; x_wconf 86' lang='lat' dir='ltr'><strong>desideratissimus</strong></span> <span class='ocrx_word' id='word_1_117' title='bbox 3288 3342 3785 3437; x_wconf 65' lang='lat' dir='ltr'><strong>Annxmmm,</strong></span> 
     </span>
     <span class='ocr_line' id='line_1_14' title="bbox 739 3466 3778 3573; baseline 0 -33"><span class='ocrx_word' id='word_1_118' title='bbox 739 3466 947 3543; x_wconf 87' lang='lat' dir='ltr'><strong>filius.</strong></span> <span class='ocrx_word' id='word_1_119' title='bbox 1052 3471 1286 3548; x_wconf 88' lang='lat' dir='ltr'><strong>Quem</strong></span> <span class='ocrx_word' id='word_1_120' title='bbox 1345 3472 1532 3549; x_wconf 90' lang='lat' dir='ltr'><strong>diem</strong></span> <span class='ocrx_word' id='word_1_121' title='bbox 1592 3498 1752 3549; x_wconf 91' lang='lat' dir='ltr'><strong>cum</strong></span> <span class='ocrx_word' id='word_1_122' title='bbox 1814 3482 2051 3573; x_wconf 88' lang='lat' dir='ltr'><strong>repeto</strong></span> <span class='ocrx_word' id='word_1_123' title='bbox 2071 3533 2089 3561; x_wconf 90' lang='lat'><strong>,</strong></span> <span class='ocrx_word' id='word_1_124' title='bbox 2141 3472 2547 3572; x_wconf 85' lang='lat' dir='ltr'><strong>gravissimo</strong></span> <span class='ocrx_word' id='word_1_125' title='bbox 2600 3496 2787 3547; x_wconf 90' lang='lat' dir='ltr'><strong>nunc</strong></span> <span class='ocrx_word' id='word_1_126' title='bbox 2836 3494 3115 3571; x_wconf 91' lang='lat' dir='ltr'><strong>quoque</strong></span> <span class='ocrx_word' id='word_1_127' title='bbox 3174 3492 3607 3545; x_wconf 87' lang='lat' dir='ltr'><strong>commoveor</strong></span> <span class='ocrx_word' id='word_1_128' title='bbox 3658 3468 3778 3542; x_wconf 91' lang='lat' dir='ltr'><strong>do-</strong></span> 
     </span>
     <span class='ocr_line' id='line_1_15' title="bbox 741 3585 3784 3691; baseline 0.002 -34"><span class='ocrx_word' id='word_1_129' title='bbox 741 3585 882 3659; x_wconf 88' lang='lat' dir='ltr'><strong>lore</strong></span> <span class='ocrx_word' id='word_1_130' title='bbox 901 3644 924 3677; x_wconf 91' lang='lat'><strong>,</strong></span> <span class='ocrx_word' id='word_1_131' title='bbox 987 3587 1194 3663; x_wconf 89' lang='lat' dir='ltr'><strong>simul</strong></span> <span class='ocrx_word' id='word_1_132' title='bbox 1247 3613 1404 3663; x_wconf 92' lang='lat' dir='ltr'><strong>vero</strong></span> <span class='ocrx_word' id='word_1_133' title='bbox 1455 3590 1666 3665; x_wconf 89' lang='lat' dir='ltr'><strong>etiam</strong></span> <span class='ocrx_word' id='word_1_134' title='bbox 1711 3616 1990 3667; x_wconf 89' lang='lat' dir='ltr'><strong>summo</strong></span> <span class='ocrx_word' id='word_1_135' title='bbox 2035 3592 2290 3689; x_wconf 79' lang='lat' dir='ltr'><strong>afficior</strong></span> <span class='ocrx_word' id='word_1_136' title='bbox 2331 3592 2627 3691; x_wconf 81' lang='lat' dir='ltr'><strong>gaudie,</strong></span> <span class='ocrx_word' id='word_1_137' title='bbox 2696 3591 2885 3691; x_wconf 90' lang='lat' dir='ltr'><strong>quod</strong></span> <span class='ocrx_word' id='word_1_138' title='bbox 2928 3592 3060 3667; x_wconf 92' lang='lat' dir='ltr'><strong>sub</strong></span> <span class='ocrx_word' id='word_1_139' title='bbox 3102 3591 3317 3667; x_wconf 88' lang='lat' dir='ltr'><strong>altero</strong></span> <span class='ocrx_word' id='word_1_140' title='bbox 3361 3589 3784 3689; x_wconf 85' lang='lat' dir='ltr'><strong>Magistratu</strong></span> 
     </span>
     <span class='ocr_line' id='line_1_16' title="bbox 743 3704 3777 3810; baseline 0.002 -33"><span class='ocrx_word' id='word_1_141' title='bbox 743 3728 898 3778; x_wconf 89' lang='lat' dir='ltr'><strong>meo</strong></span> <span class='ocrx_word' id='word_1_142' title='bbox 961 3731 1000 3779; x_wconf 92' lang='lat' dir='ltr'><strong>e</strong></span> <span class='ocrx_word' id='word_1_143' title='bbox 1064 3704 1536 3785; x_wconf 83' lang='lat' dir='ltr'><strong>Professorum</strong></span> <span class='ocrx_word' id='word_1_144' title='bbox 1607 3710 1852 3787; x_wconf 88' lang='lat' dir='ltr'><strong>ordine</strong></span> <span class='ocrx_word' id='word_1_145' title='bbox 1913 3711 2000 3786; x_wconf 92' lang='lat' dir='ltr'><strong>de</strong></span> <span class='ocrx_word' id='word_1_146' title='bbox 2051 3711 2393 3810; x_wconf 89' lang='lat' dir='ltr'><strong>praesidio</strong></span> <span class='ocrx_word' id='word_1_147' title='bbox 2442 3718 2513 3787; x_wconf 86' lang='lat' dir='ltr'><strong>et</strong></span> <span class='ocrx_word' id='word_1_148' title='bbox 2566 3712 2860 3788; x_wconf 88' lang='lat' dir='ltr'><strong>statione</strong></span> <span class='ocrx_word' id='word_1_149' title='bbox 2909 3712 3089 3800; x_wconf 79' lang='lat' dir='ltr'><strong>vitae</strong></span> <span class='ocrx_word' id='word_1_150' title='bbox 3135 3709 3503 3787; x_wconf 80' lang='lat' dir='ltr'><strong>decesserit</strong></span> <span class='ocrx_word' id='word_1_151' title='bbox 3551 3734 3777 3784; x_wconf 80' lang='lat' dir='ltr'><strong>nomn.</strong></span> 
     </span>
     <span class='ocr_line' id='line_1_17' title="bbox 743 3826 3777 3931; baseline 0.001 -28"><span class='ocrx_word' id='word_1_152' title='bbox 743 3826 945 3903; x_wconf 88' lang='lat' dir='ltr'><strong>Quae</strong></span> <span class='ocrx_word' id='word_1_153' title='bbox 1013 3826 1232 3927; x_wconf 84' lang='lat' dir='ltr'><strong>igitur</strong></span> <span class='ocrx_word' id='word_1_154' title='bbox 1286 3837 1440 3905; x_wconf 88' lang='lat' dir='ltr'><strong>tum</strong></span> <span class='ocrx_word' id='word_1_155' title='bbox 1485 3831 1658 3905; x_wconf 90' lang='lat' dir='ltr'><strong>mihi</strong></span> <span class='ocrx_word' id='word_1_156' title='bbox 1708 3832 1934 3907; x_wconf 86' lang='lat' dir='ltr'><strong>defuit</strong></span> <span class='ocrx_word' id='word_1_157' title='bbox 1975 3832 2238 3907; x_wconf 87' lang='lat' dir='ltr'><strong>occasio</strong></span> <span class='ocrx_word' id='word_1_158' title='bbox 2256 3890 2279 3921; x_wconf 90' lang='lat'><strong>,</strong></span> <span class='ocrx_word' id='word_1_159' title='bbox 2337 3840 2608 3931; x_wconf 88' lang='lat' dir='ltr'><strong>praeter</strong></span> <span class='ocrx_word' id='word_1_160' title='bbox 2653 3831 2955 3909; x_wconf 83' lang='lat' dir='ltr'><strong>fatorum</strong></span> <span class='ocrx_word' id='word_1_161' title='bbox 3000 3830 3550 3909; x_wconf 85' lang='lat' dir='ltr'><strong>academicorum</strong></span> <span class='ocrx_word' id='word_1_162' title='bbox 3592 3854 3777 3905; x_wconf 89' lang='lat' dir='ltr'><strong>com-</strong></span> 
     </span>
     <span class='ocr_line' id='line_1_18' title="bbox 742 3948 3777 4053; baseline 0.001 -34"><span class='ocrx_word' id='word_1_163' title='bbox 742 3948 1307 4023; x_wconf 90' lang='lat' dir='ltr'><strong>memorationem</strong></span> <span class='ocrx_word' id='word_1_164' title='bbox 1329 4009 1347 4037; x_wconf 91' lang='lat'><strong>,</strong></span> <span class='ocrx_word' id='word_1_165' title='bbox 1400 3976 1526 4049; x_wconf 92' lang='lat' dir='ltr'><strong>pro</strong></span> <span class='ocrx_word' id='word_1_166' title='bbox 1573 3976 1764 4027; x_wconf 89' lang='lat' dir='ltr'><strong>more</strong></span> <span class='ocrx_word' id='word_1_167' title='bbox 1813 3960 2088 4051; x_wconf 89' lang='lat' dir='ltr'><strong>recepto</strong></span> <span class='ocrx_word' id='word_1_168' title='bbox 2105 4012 2126 4042; x_wconf 91' lang='lat'><strong>,</strong></span> <span class='ocrx_word' id='word_1_169' title='bbox 2179 3954 2268 4027; x_wconf 92' lang='lat' dir='ltr'><strong>de</strong></span> <span class='ocrx_word' id='word_1_170' title='bbox 2303 3953 2708 4051; x_wconf 88' lang='lat' dir='ltr'><strong>gravissimo</strong></span> <span class='ocrx_word' id='word_1_171' title='bbox 2745 3956 2979 4053; x_wconf 89' lang='lat' dir='ltr'><strong>aliquo</strong></span> <span class='ocrx_word' id='word_1_172' title='bbox 3010 3959 3422 4052; x_wconf 83' lang='lat' dir='ltr'><strong>argumento</strong></span> <span class='ocrx_word' id='word_1_173' title='bbox 3464 3950 3777 4037; x_wconf 90' lang='lat' dir='ltr'><strong>dicendi,</strong></span> 
     </span>
     <span class='ocr_line' id='line_1_19' title="bbox 743 4064 3779 4170; baseline 0.002 -33"><span class='ocrx_word' id='word_1_174' title='bbox 743 4064 910 4139; x_wconf 90' lang='lat' dir='ltr'><strong>haec</strong></span> <span class='ocrx_word' id='word_1_175' title='bbox 960 4068 1099 4141; x_wconf 90' lang='lat' dir='ltr'><strong>iam</strong></span> <span class='ocrx_word' id='word_1_176' title='bbox 1151 4070 1323 4143; x_wconf 87' lang='lat' dir='ltr'><strong>mihi</strong></span> <span class='ocrx_word' id='word_1_177' title='bbox 1371 4071 1534 4145; x_wconf 89' lang='lat' dir='ltr'><strong>data</strong></span> <span class='ocrx_word' id='word_1_178' title='bbox 1581 4079 1706 4147; x_wconf 90' lang='lat' dir='ltr'><strong>est.</strong></span> <span class='ocrx_word' id='word_1_179' title='bbox 1813 4075 2048 4151; x_wconf 88' lang='lat' dir='ltr'><strong>Quam</strong></span> <span class='ocrx_word' id='word_1_180' title='bbox 2095 4073 2521 4147; x_wconf 84' lang='lat' dir='ltr'><strong>occasionem</strong></span> <span class='ocrx_word' id='word_1_181' title='bbox 2570 4098 2650 4147; x_wconf 93' lang='lat' dir='ltr'><strong>eo</strong></span> <span class='ocrx_word' id='word_1_182' title='bbox 2699 4074 2970 4149; x_wconf 87' lang='lat' dir='ltr'><strong>avidius</strong></span> <span class='ocrx_word' id='word_1_183' title='bbox 3021 4070 3271 4170; x_wconf 89' lang='lat' dir='ltr'><strong>arripio</strong></span> <span class='ocrx_word' id='word_1_184' title='bbox 3289 4129 3309 4160; x_wconf 91' lang='lat'><strong>,</strong></span> <span class='ocrx_word' id='word_1_185' title='bbox 3365 4095 3505 4168; x_wconf 93' lang='lat' dir='ltr'><strong>quo</strong></span> <span class='ocrx_word' id='word_1_186' title='bbox 3556 4070 3779 4169; x_wconf 88' lang='lat' dir='ltr'><strong>magis</strong></span> 
     </span>
     <span class='ocr_line' id='line_1_20' title="bbox 745 4188 3775 4291; baseline 0.002 -35"><span class='ocrx_word' id='word_1_187' title='bbox 745 4192 888 4258; x_wconf 88' lang='lat' dir='ltr'><strong>toto</strong></span> <span class='ocrx_word' id='word_1_188' title='bbox 933 4188 1164 4265; x_wconf 86' lang='lat' dir='ltr'><strong>animo</strong></span> <span class='ocrx_word' id='word_1_189' title='bbox 1203 4190 1400 4263; x_wconf 91' lang='lat' dir='ltr'><strong>doleo</strong></span> <span class='ocrx_word' id='word_1_190' title='bbox 1445 4190 1913 4268; x_wconf 88' lang='lat' dir='ltr'><strong>tristissimam</strong></span> <span class='ocrx_word' id='word_1_191' title='bbox 1938 4251 1958 4281; x_wconf 89' lang='lat'><strong>,</strong></span> <span class='ocrx_word' id='word_1_192' title='bbox 2001 4193 2076 4267; x_wconf 92' lang='lat' dir='ltr'><strong>in</strong></span> <span class='ocrx_word' id='word_1_193' title='bbox 2113 4218 2252 4291; x_wconf 86' lang='lat' dir='ltr'><strong>qua</strong></span> <span class='ocrx_word' id='word_1_194' title='bbox 2294 4191 2363 4266; x_wconf 70' lang='lat' dir='ltr'><strong>et</strong></span> <span class='ocrx_word' id='word_1_195' title='bbox 2410 4192 2803 4267; x_wconf 86' lang='lat' dir='ltr'><strong>Christiana</strong></span> <span class='ocrx_word' id='word_1_196' title='bbox 2852 4192 3155 4268; x_wconf 89' lang='lat' dir='ltr'><strong>Societas</strong></span> <span class='ocrx_word' id='word_1_197' title='bbox 3179 4250 3199 4280; x_wconf 93' lang='lat'><strong>,</strong></span> <span class='ocrx_word' id='word_1_198' title='bbox 3242 4189 3313 4265; x_wconf 71' lang='lat' dir='ltr'><strong>et</strong></span> <span class='ocrx_word' id='word_1_199' title='bbox 3366 4214 3524 4264; x_wconf 90' lang='lat' dir='ltr'><strong>vero</strong></span> <span class='ocrx_word' id='word_1_200' title='bbox 3566 4190 3775 4263; x_wconf 88' lang='lat' dir='ltr'><strong>etiam</strong></span> 
     </span>
     <span class='ocr_line' id='line_1_21' title="bbox 745 4304 3777 4400; baseline 0.003 -25"><span class='ocrx_word' id='word_1_201' title='bbox 745 4304 1049 4379; x_wconf 86' lang='lat' dir='ltr'><strong>Ecclesia</strong></span> <span class='ocrx_word' id='word_1_202' title='bbox 1102 4306 1470 4383; x_wconf 86' lang='lat' dir='ltr'><strong>reformata</strong></span> <span class='ocrx_word' id='word_1_203' title='bbox 1517 4318 1752 4385; x_wconf 83' lang='lat' dir='ltr'><strong>nostra</strong></span> <span class='ocrx_word' id='word_1_204' title='bbox 1797 4320 2106 4387; x_wconf 88' lang='lat' dir='ltr'><strong>versatur</strong></span> <span class='ocrx_word' id='word_1_205' title='bbox 2127 4370 2146 4400; x_wconf 91' lang='lat'><strong>,</strong></span> <span class='ocrx_word' id='word_1_206' title='bbox 2208 4310 2693 4386; x_wconf 89' lang='lat' dir='ltr'><strong>conditionem.</strong></span> <span class='ocrx_word' id='word_1_207' title='bbox 2780 4312 2925 4386; x_wconf 91' lang='lat' dir='ltr'><strong>Ubi</strong></span> <span class='ocrx_word' id='word_1_208' title='bbox 2970 4319 3076 4387; x_wconf 89' lang='lat' dir='ltr'><strong>est</strong></span> <span class='ocrx_word' id='word_1_209' title='bbox 3134 4310 3321 4386; x_wconf 89' lang='lat' dir='ltr'><strong>enim</strong></span> <span class='ocrx_word' id='word_1_210' title='bbox 3372 4308 3777 4384; x_wconf 89' lang='lat' dir='ltr'><strong>suavissima</strong></span> 
     </span>
     <span class='ocr_line' id='line_1_22' title="bbox 743 4426 3773 4528; baseline 0.001 -29"><span class='ocrx_word' id='word_1_211' title='bbox 743 4426 860 4507; x_wconf 85' lang='lat' dir='ltr'><strong>illa</strong></span> <span class='ocrx_word' id='word_1_212' title='bbox 923 4427 1225 4503; x_wconf 87' lang='lat' dir='ltr'><strong>Societas</strong></span> <span class='ocrx_word' id='word_1_213' title='bbox 1247 4488 1268 4518; x_wconf 91' lang='lat'><strong>,</strong></span> <span class='ocrx_word' id='word_1_214' title='bbox 1347 4454 1526 4528; x_wconf 89' lang='lat' dir='ltr'><strong>quae</strong></span> <span class='ocrx_word' id='word_1_215' title='bbox 1596 4428 1992 4505; x_wconf 86' lang='lat' dir='ltr'><strong>Conditoris</strong></span> <span class='ocrx_word' id='word_1_216' title='bbox 2065 4428 2175 4503; x_wconf 90' lang='lat' dir='ltr'><strong>sui</strong></span> <span class='ocrx_word' id='word_1_217' title='bbox 2231 4427 2569 4504; x_wconf 84' lang='lat' dir='ltr'><strong>referebat</strong></span> <span class='ocrx_word' id='word_1_218' title='bbox 2626 4428 2931 4505; x_wconf 91' lang='lat' dir='ltr'><strong>indolem</strong></span> <span class='ocrx_word' id='word_1_219' title='bbox 2955 4488 2975 4518; x_wconf 94' lang='lat'><strong>,</strong></span> <span class='ocrx_word' id='word_1_220' title='bbox 3050 4430 3148 4505; x_wconf 88' lang='lat' dir='ltr'><strong>ita</strong></span> <span class='ocrx_word' id='word_1_221' title='bbox 3192 4436 3273 4504; x_wconf 90' lang='lat' dir='ltr'><strong>ut</strong></span> <span class='ocrx_word' id='word_1_222' title='bbox 3318 4428 3405 4502; x_wconf 89' lang='lat' dir='ltr'><strong>de</strong></span> <span class='ocrx_word' id='word_1_223' title='bbox 3428 4428 3567 4501; x_wconf 82' lang='lat' dir='ltr'><strong>‘illa</strong></span> <span class='ocrx_word' id='word_1_224' title='bbox 3617 4451 3773 4501; x_wconf 90' lang='lat' dir='ltr'><strong>vere</strong></span> 
     </span>
     <span class='ocr_line' id='line_1_23' title="bbox 744 4542 3773 4648; baseline 0.002 -30"><span class='ocrx_word' id='word_1_225' title='bbox 744 4546 1120 4642; x_wconf 88' lang='lat' dir='ltr'><strong>praedicari</strong></span> <span class='ocrx_word' id='word_1_226' title='bbox 1169 4558 1436 4647; x_wconf 89' lang='lat' dir='ltr'><strong>posset:</strong></span> <span class='ocrx_word' id='word_1_227' title='bbox 1513 4560 1646 4627; x_wconf 84' lang='grc' dir='ltr'><strong>τοῦ</strong></span> <span class='ocrx_word' id='word_1_228' title='bbox 1701 4548 1786 4627; x_wconf 81' lang='grc' dir='ltr'><strong>δὲ</strong></span> <span class='ocrx_word' id='word_1_229' title='bbox 1846 4550 2187 4643; x_wconf 79' lang='grc' dir='ltr'><strong><em>πλήθους</em></strong></span> <span class='ocrx_word' id='word_1_230' title='bbox 2233 4557 2388 4627; x_wconf 82' lang='grc' dir='ltr'><strong>τῶν</strong></span> <span class='ocrx_word' id='word_1_231' title='bbox 2435 4550 3005 4628; x_wconf 80' lang='grc' dir='ltr'><strong><em>πιστευσάντων</em></strong></span> <span class='ocrx_word' id='word_1_232' title='bbox 3055 4542 3148 4643; x_wconf 79' lang='grc' dir='ltr'><strong>ἦν</strong></span> <span class='ocrx_word' id='word_1_233' title='bbox 3195 4552 3239 4639; x_wconf 87' lang='grc' dir='ltr'><em>ἡ</em></span> <span class='ocrx_word' id='word_1_234' title='bbox 3288 4546 3581 4648; x_wconf 80' lang='grc' dir='ltr'><em>καρδία</em></span> <span class='ocrx_word' id='word_1_235' title='bbox 3631 4552 3773 4623; x_wconf 74' lang='grc' dir='ltr'><strong>καὶ</strong></span> 
     </span>
     <span class='ocr_line' id='line_1_24' title="bbox 744 4666 3773 4769; baseline 0.001 -29"><span class='ocrx_word' id='word_1_236' title='bbox 744 4670 786 4753; x_wconf 80' lang='grc' dir='ltr'><strong><em>ἡ</em></strong></span> <span class='ocrx_word' id='word_1_237' title='bbox 839 4672 1052 4762; x_wconf 80' lang='grc' dir='ltr'><strong><em>ψυχὴ</em></strong></span> <span class='ocrx_word' id='word_1_238' title='bbox 1090 4672 1243 4764; x_wconf 79' lang='grc' dir='ltr'><strong>μία</strong></span> <span class='ocrx_word' id='word_1_239' title='bbox 1273 4666 1372 4761; x_wconf 75' lang='grc' dir='ltr'><strong>ι’);</strong></span> <span class='ocrx_word' id='word_1_240' title='bbox 1444 4670 1532 4743; x_wconf 93' lang='lat' dir='ltr'><strong>In</strong></span> <span class='ocrx_word' id='word_1_241' title='bbox 1581 4680 1752 4768; x_wconf 90' lang='lat' dir='ltr'><strong>quot</strong></span> <span class='ocrx_word' id='word_1_242' title='bbox 1796 4678 2026 4769; x_wconf 84' lang='lat' dir='ltr'><strong>partes</strong></span> <span class='ocrx_word' id='word_1_243' title='bbox 2075 4670 2375 4747; x_wconf 90' lang='lat' dir='ltr'><strong>divisum</strong></span> <span class='ocrx_word' id='word_1_244' title='bbox 2422 4679 2529 4746; x_wconf 90' lang='lat' dir='ltr'><strong>est</strong></span> <span class='ocrx_word' id='word_1_245' title='bbox 2568 4680 2639 4746; x_wconf 90' lang='lat' dir='ltr'><strong>et</strong></span> <span class='ocrx_word' id='word_1_246' title='bbox 2666 4672 3113 4747; x_wconf 88' lang='lat' dir='ltr'><strong>dilaceratum</strong></span> <span class='ocrx_word' id='word_1_247' title='bbox 3153 4695 3377 4747; x_wconf 90' lang='lat' dir='ltr'><strong>unum</strong></span> <span class='ocrx_word' id='word_1_248' title='bbox 3419 4670 3773 4757; x_wconf 77' lang='lat' dir='ltr'><strong>Cnars&#39;rr,</strong></span> 
     </span>
     <span class='ocr_line' id='line_1_25' title="bbox 747 4786 3773 4891; baseline 0.002 -34"><span class='ocrx_word' id='word_1_249' title='bbox 747 4786 1050 4862; x_wconf 89' lang='lat' dir='ltr'><strong>omnium</strong></span> <span class='ocrx_word' id='word_1_250' title='bbox 1120 4788 1632 4865; x_wconf 75' lang='lat' dir='ltr'><strong>conservatoris</strong></span> <span class='ocrx_word' id='word_1_251' title='bbox 1697 4816 1776 4868; x_wconf 88' lang='lat' dir='ltr'><strong>ac</strong></span> <span class='ocrx_word' id='word_1_252' title='bbox 1837 4790 2154 4881; x_wconf 90' lang='lat' dir='ltr'><strong>Domini,</strong></span> <span class='ocrx_word' id='word_1_253' title='bbox 2213 4816 2463 4891; x_wconf 88' lang='lat' dir='ltr'><strong>corpus</strong></span> <span class='ocrx_word' id='word_1_254' title='bbox 2482 4791 2587 4885; x_wconf 74' lang='lat'><strong>²)!</strong></span> <span class='ocrx_word' id='word_1_255' title='bbox 2648 4814 2943 4890; x_wconf 88' lang='lat' dir='ltr'><strong>quarum</strong></span> <span class='ocrx_word' id='word_1_256' title='bbox 2991 4792 3204 4869; x_wconf 89' lang='lat' dir='ltr'><strong>altera</strong></span> <span class='ocrx_word' id='word_1_257' title='bbox 3242 4791 3439 4869; x_wconf 88' lang='lat' dir='ltr'><strong>alteri</strong></span> <span class='ocrx_word' id='word_1_258' title='bbox 3472 4790 3773 4877; x_wconf 89' lang='lat' dir='ltr'><strong>invidet,</strong></span> 
     </span>
    </p>
   </div>
  </div>
 </body>
</html>
