<?xml version="1.0" encoding="UTF-8"?>
<!DOCTYPE html PUBLIC "-//W3C//DTD XHTML 1.0 Transitional//EN"
    "http://www.w3.org/TR/xhtml1/DTD/xhtml1-transitional.dtd">
<html xmlns="http://www.w3.org/1999/xhtml" xml:lang="en" lang="en">
 <head>
  <title>
</title>
<meta http-equiv="Content-Type" content="text/html;charset=utf-8" />
  <meta name='ocr-system' content='tesseract 3.04.00' />
  <meta name='ocr-capabilities' content='ocr_page ocr_carea ocr_par ocr_line ocrx_word'/>
</head>
<body>
  <div class='ocr_page' id='page_1' title='image "annalesacademic02confgoog_0328.png"; bbox 0 0 4766 6034; ppageno 0'>
   <div class='ocr_carea' id='block_1_1' title="bbox 1218 603 3183 673">
    <p class='ocr_par' dir='ltr' id='par_1_1' title="bbox 1218 603 3183 673">
     <span class='ocr_line' id='line_1_1' title="bbox 1218 603 3183 673; baseline -0.001 -1"><span class='ocrx_word' id='word_1_1' title='bbox 1218 606 1302 672; x_wconf 82' lang='lat'><strong>36</strong></span> <span class='ocrx_word' id='word_1_2' title='bbox 2273 604 2341 672; x_wconf 79' lang='lat' dir='ltr'><strong>F.</strong></span> <span class='ocrx_word' id='word_1_3' title='bbox 2424 603 2503 671; x_wconf 87' lang='lat' dir='ltr'><strong>G.</strong></span> <span class='ocrx_word' id='word_1_4' title='bbox 2593 605 3183 673; x_wconf 85' lang='lat' dir='ltr'>KRIEGER</span> 
     </span>
    </p>
   </div>
   <div class='ocr_carea' id='block_1_2' title="bbox 1179 811 4486 4902">
    <p class='ocr_par' dir='ltr' id='par_1_2' title="bbox 1179 811 4486 1996">
     <span class='ocr_line' id='line_1_2' title="bbox 1319 811 4192 917; baseline 0.002 -30"><span class='ocrx_word' id='word_1_5' title='bbox 1319 815 1564 913; x_wconf 91' lang='lat' dir='ltr'><strong>quue</strong></span> <span class='ocrx_word' id='word_1_6' title='bbox 1623 813 1984 915; x_wconf 82' lang='lat' dir='ltr'>praecipue</span> <span class='ocrx_word' id='word_1_7' title='bbox 2041 811 2483 887; x_wconf 87' lang='lat' dir='ltr'><strong>referendum</strong></span> <span class='ocrx_word' id='word_1_8' title='bbox 2538 820 2643 890; x_wconf 88' lang='lat' dir='ltr'><strong>est</strong></span> <span class='ocrx_word' id='word_1_9' title='bbox 2690 813 2881 913; x_wconf 88' lang='lat' dir='ltr'><strong>quod</strong></span> <span class='ocrx_word' id='word_1_10' title='bbox 2924 820 3147 889; x_wconf 87' lang='lat' dir='ltr'><strong>artem</strong></span> <span class='ocrx_word' id='word_1_11' title='bbox 3196 812 3502 889; x_wconf 83' lang='lat' dir='ltr'><strong>diximus</strong></span> <span class='ocrx_word' id='word_1_12' title='bbox 3550 814 4007 913; x_wconf 77' lang='lat' dir='ltr'>operationum</span> <span class='ocrx_word' id='word_1_13' title='bbox 4048 816 4192 917; x_wconf 81' lang='lat' dir='ltr'><strong>plas-</strong></span> 
     </span>
     <span class='ocr_line' id='line_1_3' title="bbox 1223 930 4197 1033; baseline 0.001 -24"><span class='ocrx_word' id='word_1_14' title='bbox 1223 935 1513 1010; x_wconf 89' lang='lat' dir='ltr'><strong>ticarum</strong></span> <span class='ocrx_word' id='word_1_15' title='bbox 1534 991 1554 1022; x_wconf 89' lang='lat'><em>,</em></span> <span class='ocrx_word' id='word_1_16' title='bbox 1606 957 1826 1032; x_wconf 93' lang='lat' dir='ltr'><strong>quum</strong></span> <span class='ocrx_word' id='word_1_17' title='bbox 1871 958 1988 1007; x_wconf 87' lang='lat' dir='ltr'><strong>eas</strong></span> <span class='ocrx_word' id='word_1_18' title='bbox 2035 930 2258 1007; x_wconf 87' lang='lat' dir='ltr'><strong>facere</strong></span> <span class='ocrx_word' id='word_1_19' title='bbox 2307 941 2612 1033; x_wconf 78' lang='lat' dir='ltr'><strong>nequeat</strong></span> <span class='ocrx_word' id='word_1_20' title='bbox 2632 994 2653 1023; x_wconf 90' lang='lat'><em>,</em></span> <span class='ocrx_word' id='word_1_21' title='bbox 2714 935 2850 1008; x_wconf 92' lang='lat' dir='ltr'><strong>nisi</strong></span> <span class='ocrx_word' id='word_1_22' title='bbox 2906 934 3031 1033; x_wconf 89' lang='lat' dir='ltr'><strong>qui</strong></span> <span class='ocrx_word' id='word_1_23' title='bbox 3070 933 3295 1032; x_wconf 88' lang='lat' dir='ltr'><strong>pulcri</strong></span> <span class='ocrx_word' id='word_1_24' title='bbox 3336 959 3546 1010; x_wconf 90' lang='lat' dir='ltr'><strong>sensu</strong></span> <span class='ocrx_word' id='word_1_25' title='bbox 3562 994 3583 1023; x_wconf 90' lang='lat'><em>,</em></span> <span class='ocrx_word' id='word_1_26' title='bbox 3630 935 3852 1033; x_wconf 88' lang='lat' dir='ltr'><strong>qualis</strong></span> <span class='ocrx_word' id='word_1_27' title='bbox 3890 937 4047 1011; x_wconf 87' lang='lat' dir='ltr'><strong>solet</strong></span> <span class='ocrx_word' id='word_1_28' title='bbox 4079 962 4197 1011; x_wconf 84' lang='lat' dir='ltr'><strong>esse</strong></span> 
     </span>
     <span class='ocr_line' id='line_1_4' title="bbox 1223 1038 4199 1154; baseline 0 -24"><span class='ocrx_word' id='word_1_29' title='bbox 1223 1056 1565 1130; x_wconf 89' lang='lat' dir='ltr'><strong>artificum</strong></span> <span class='ocrx_word' id='word_1_30' title='bbox 1584 1113 1604 1144; x_wconf 89' lang='lat'>‚</span> <span class='ocrx_word' id='word_1_31' title='bbox 1678 1054 1769 1129; x_wconf 90' lang='lat' dir='ltr'><strong>sit</strong></span> <span class='ocrx_word' id='word_1_32' title='bbox 1829 1053 2166 1129; x_wconf 91' lang='lat' dir='ltr'><strong>imbutus.</strong></span> <span class='ocrx_word' id='word_1_33' title='bbox 2270 1055 2484 1135; x_wconf 84' lang='lat' dir='ltr'><strong>Quod</strong></span> <span class='ocrx_word' id='word_1_34' title='bbox 2548 1038 2887 1146; x_wconf 75' lang='lat' dir='ltr'><strong>marmor,</strong></span> <span class='ocrx_word' id='word_1_35' title='bbox 2962 1064 3142 1130; x_wconf 90' lang='lat' dir='ltr'><strong>terra</strong></span> <span class='ocrx_word' id='word_1_36' title='bbox 3196 1054 3473 1154; x_wconf 87' lang='lat' dir='ltr'><strong>figlina,</strong></span> <span class='ocrx_word' id='word_1_37' title='bbox 3543 1080 3661 1130; x_wconf 88' lang='lat' dir='ltr'><strong>aes</strong></span> <span class='ocrx_word' id='word_1_38' title='bbox 3711 1055 3983 1145; x_wconf 87' lang='lat' dir='ltr'><strong>artifici,</strong></span> <span class='ocrx_word' id='word_1_39' title='bbox 4048 1056 4199 1131; x_wconf 90' lang='lat' dir='ltr'><strong>idem</strong></span> 
     </span>
     <span class='ocr_line' id='line_1_5' title="bbox 1222 1173 4200 1276; baseline 0 -26"><span class='ocrx_word' id='word_1_40' title='bbox 1222 1175 1544 1276; x_wconf 82' lang='lat' dir='ltr'><strong>chirurgo</strong></span> <span class='ocrx_word' id='word_1_41' title='bbox 1588 1174 1908 1250; x_wconf 88' lang='lat' dir='ltr'><strong>materies</strong></span> <span class='ocrx_word' id='word_1_42' title='bbox 1951 1175 2273 1274; x_wconf 88' lang='lat' dir='ltr'><strong>organica</strong></span> <span class='ocrx_word' id='word_1_43' title='bbox 2310 1184 2416 1250; x_wconf 84' lang='lat' dir='ltr'><strong>est</strong></span> <span class='ocrx_word' id='word_1_44' title='bbox 2435 1235 2455 1265; x_wconf 90' lang='lat'>‚</span> <span class='ocrx_word' id='word_1_45' title='bbox 2506 1201 2588 1251; x_wconf 93' lang='lat' dir='ltr'><strong>eo</strong></span> <span class='ocrx_word' id='word_1_46' title='bbox 2629 1185 2863 1251; x_wconf 90' lang='lat' dir='ltr'><strong>tamen</strong></span> <span class='ocrx_word' id='word_1_47' title='bbox 2906 1173 3303 1249; x_wconf 88' lang='lat' dir='ltr'><strong>discrimine</strong></span> <span class='ocrx_word' id='word_1_48' title='bbox 3320 1233 3340 1264; x_wconf 89' lang='lat'>,</span> <span class='ocrx_word' id='word_1_49' title='bbox 3386 1176 3577 1275; x_wconf 91' lang='lat' dir='ltr'><strong>quod</strong></span> <span class='ocrx_word' id='word_1_50' title='bbox 3621 1174 3967 1263; x_wconf 83' lang='lat' dir='ltr'><strong>materies,</strong></span> <span class='ocrx_word' id='word_1_51' title='bbox 4005 1174 4069 1248; x_wconf 91' lang='lat' dir='ltr'><strong>in</strong></span> <span class='ocrx_word' id='word_1_52' title='bbox 4090 1200 4200 1274; x_wconf 84' lang='lat' dir='ltr'><strong>qua</strong></span> 
     </span>
     <span class='ocr_line' id='line_1_6' title="bbox 1219 1294 4201 1395; baseline -0.001 -24"><span class='ocrx_word' id='word_1_53' title='bbox 1219 1296 1586 1395; x_wconf 87' lang='lat' dir='ltr'><strong>chirurgus</strong></span> <span class='ocrx_word' id='word_1_54' title='bbox 1650 1294 1992 1383; x_wconf 89' lang='lat' dir='ltr'><strong>elaborat,</strong></span> <span class='ocrx_word' id='word_1_55' title='bbox 2056 1296 2260 1395; x_wconf 90' lang='lat' dir='ltr'><strong>longe</strong></span> <span class='ocrx_word' id='word_1_56' title='bbox 2309 1304 2419 1370; x_wconf 91' lang='lat' dir='ltr'><strong>est</strong></span> <span class='ocrx_word' id='word_1_57' title='bbox 2482 1296 2978 1372; x_wconf 79' lang='lat' dir='ltr'><strong>intractabilior</strong></span> <span class='ocrx_word' id='word_1_58' title='bbox 3028 1295 3391 1394; x_wconf 90' lang='lat' dir='ltr'><strong>multoque</strong></span> <span class='ocrx_word' id='word_1_59' title='bbox 3448 1295 3681 1369; x_wconf 88' lang='lat' dir='ltr'><strong>minus</strong></span> <span class='ocrx_word' id='word_1_60' title='bbox 3727 1294 3995 1369; x_wconf 88' lang='lat' dir='ltr'><strong>artificis</strong></span> <span class='ocrx_word' id='word_1_61' title='bbox 4036 1295 4201 1369; x_wconf 85' lang='lat' dir='ltr'><strong>nutui</strong></span> 
     </span>
     <span class='ocr_line' id='line_1_7' title="bbox 1219 1412 4203 1516; baseline -0.002 -26"><span class='ocrx_word' id='word_1_62' title='bbox 1219 1440 1506 1516; x_wconf 87' lang='lat' dir='ltr'><strong>parens;</strong></span> <span class='ocrx_word' id='word_1_63' title='bbox 1579 1414 1837 1489; x_wconf 86' lang='lat' dir='ltr'><strong>etenim</strong></span> <span class='ocrx_word' id='word_1_64' title='bbox 1896 1414 2222 1489; x_wconf 91' lang='lat' dir='ltr'><strong>inanimis</strong></span> <span class='ocrx_word' id='word_1_65' title='bbox 2286 1422 2358 1489; x_wconf 92' lang='lat' dir='ltr'><strong>et</strong></span> <span class='ocrx_word' id='word_1_66' title='bbox 2439 1417 2617 1491; x_wconf 89' lang='lat' dir='ltr'><strong>vitae</strong></span> <span class='ocrx_word' id='word_1_67' title='bbox 2690 1440 2934 1516; x_wconf 83' lang='lat' dir='ltr'><strong>expers</strong></span> <span class='ocrx_word' id='word_1_68' title='bbox 3002 1413 3323 1491; x_wconf 88' lang='lat' dir='ltr'><strong>materies</strong></span> <span class='ocrx_word' id='word_1_69' title='bbox 3380 1414 3579 1490; x_wconf 87' lang='lat' dir='ltr'><strong>facile</strong></span> <span class='ocrx_word' id='word_1_70' title='bbox 3652 1412 3968 1489; x_wconf 78' lang='lat' dir='ltr'><strong>adsciscit</strong></span> <span class='ocrx_word' id='word_1_71' title='bbox 4034 1420 4203 1511; x_wconf 89' lang='lat' dir='ltr'><strong>atque</strong></span> 
     </span>
     <span class='ocr_line' id='line_1_8' title="bbox 1222 1532 4204 1637; baseline -0.002 -26"><span class='ocrx_word' id='word_1_72' title='bbox 1222 1544 1446 1611; x_wconf 86' lang='lat' dir='ltr'><strong>servat</strong></span> <span class='ocrx_word' id='word_1_73' title='bbox 1485 1560 1638 1611; x_wconf 91' lang='lat' dir='ltr'><strong>eam</strong></span> <span class='ocrx_word' id='word_1_74' title='bbox 1675 1536 1967 1610; x_wconf 83' lang='lat' dir='ltr'><strong>formam</strong></span> <span class='ocrx_word' id='word_1_75' title='bbox 1989 1594 2010 1623; x_wconf 90' lang='lat'><em>,</em></span> <span class='ocrx_word' id='word_1_76' title='bbox 2054 1559 2266 1635; x_wconf 91' lang='lat' dir='ltr'><strong>quam</strong></span> <span class='ocrx_word' id='word_1_77' title='bbox 2313 1535 2498 1612; x_wconf 85' lang='lat' dir='ltr'><strong>felici</strong></span> <span class='ocrx_word' id='word_1_78' title='bbox 2530 1536 2809 1637; x_wconf 89' lang='lat' dir='ltr'><strong>ingenio</strong></span> <span class='ocrx_word' id='word_1_79' title='bbox 2848 1535 3081 1611; x_wconf 88' lang='lat' dir='ltr'><strong>Musis</strong></span> <span class='ocrx_word' id='word_1_80' title='bbox 3119 1534 3513 1610; x_wconf 86' lang='lat' dir='ltr'><strong>faventibus</strong></span> <span class='ocrx_word' id='word_1_81' title='bbox 3538 1534 3989 1635; x_wconf 84' lang='lat' dir='ltr'><strong>excogitatam</strong></span> <span class='ocrx_word' id='word_1_82' title='bbox 4006 1532 4204 1607; x_wconf 77' lang='lat' dir='ltr'><strong>artifex</strong></span> 
     </span>
     <span class='ocr_line' id='line_1_9' title="bbox 1227 1652 4486 1755; baseline -0.002 -22"><span class='ocrx_word' id='word_1_83' title='bbox 1227 1658 1399 1734; x_wconf 87' lang='lat' dir='ltr'><strong>scita</strong></span> <span class='ocrx_word' id='word_1_84' title='bbox 1451 1682 1667 1731; x_wconf 88' lang='lat' dir='ltr'><strong>manu</strong></span> <span class='ocrx_word' id='word_1_85' title='bbox 1701 1656 1767 1731; x_wconf 90' lang='lat' dir='ltr'><strong>ei</strong></span> <span class='ocrx_word' id='word_1_86' title='bbox 1809 1655 2084 1730; x_wconf 88' lang='lat' dir='ltr'><strong>indidit.</strong></span> <span class='ocrx_word' id='word_1_87' title='bbox 2188 1656 2352 1729; x_wconf 94' lang='lat' dir='ltr'><strong>Non</strong></span> <span class='ocrx_word' id='word_1_88' title='bbox 2400 1655 2499 1730; x_wconf 90' lang='lat' dir='ltr'><strong>ita</strong></span> <span class='ocrx_word' id='word_1_89' title='bbox 2551 1654 2871 1731; x_wconf 88' lang='lat' dir='ltr'><strong>materies</strong></span> <span class='ocrx_word' id='word_1_90' title='bbox 2896 1714 2915 1744; x_wconf 90' lang='lat'>,</span> <span class='ocrx_word' id='word_1_91' title='bbox 2965 1656 3041 1729; x_wconf 89' lang='lat' dir='ltr'><strong>in</strong></span> <span class='ocrx_word' id='word_1_92' title='bbox 3096 1679 3236 1754; x_wconf 88' lang='lat' dir='ltr'><strong>qua</strong></span> <span class='ocrx_word' id='word_1_93' title='bbox 3286 1654 3652 1755; x_wconf 85' lang='lat' dir='ltr'><strong>chirurgus</strong></span> <span class='ocrx_word' id='word_1_94' title='bbox 3701 1652 4048 1755; x_wconf 88' lang='lat' dir='ltr'><strong>ingenium</strong></span> <span class='ocrx_word' id='word_1_95' title='bbox 4094 1676 4205 1725; x_wconf 85' lang='lat' dir='ltr'><strong>ma·</strong></span> <span class='ocrx_word' id='word_1_96' title='bbox 4484 1702 4486 1705; x_wconf 52' lang='lat'>&lt;</span> 
     </span>
     <span class='ocr_line' id='line_1_10' title="bbox 1179 1772 4211 1878; baseline -0.002 -27"><span class='ocrx_word' id='word_1_97' title='bbox 1179 1868 1196 1878; x_wconf 26' lang='grc' dir='ltr'><em>θ</em></span> <span class='ocrx_word' id='word_1_98' title='bbox 1231 1802 1544 1877; x_wconf 90' lang='lat' dir='ltr'><strong>numque</strong></span> <span class='ocrx_word' id='word_1_99' title='bbox 1589 1784 1878 1851; x_wconf 83' lang='lat' dir='ltr'><strong>exercet.</strong></span> <span class='ocrx_word' id='word_1_100' title='bbox 1984 1777 2268 1856; x_wconf 83' lang='lat' dir='ltr'><strong>Quanta</strong></span> <span class='ocrx_word' id='word_1_101' title='bbox 2309 1775 2415 1849; x_wconf 89' lang='lat' dir='ltr'><strong>illi</strong></span> <span class='ocrx_word' id='word_1_102' title='bbox 2456 1800 2633 1875; x_wconf 89' lang='lat' dir='ltr'><strong>opus</strong></span> <span class='ocrx_word' id='word_1_103' title='bbox 2682 1784 2788 1852; x_wconf 90' lang='lat' dir='ltr'><strong>est</strong></span> <span class='ocrx_word' id='word_1_104' title='bbox 2836 1801 3003 1852; x_wconf 88' lang='lat' dir='ltr'><strong>cura</strong></span> <span class='ocrx_word' id='word_1_105' title='bbox 3044 1784 3114 1850; x_wconf 90' lang='lat' dir='ltr'><strong>et</strong></span> <span class='ocrx_word' id='word_1_106' title='bbox 3160 1798 3367 1874; x_wconf 88' lang='lat' dir='ltr'><strong>opera</strong></span> <span class='ocrx_word' id='word_1_107' title='bbox 3384 1834 3406 1863; x_wconf 88' lang='lat'>,</span> <span class='ocrx_word' id='word_1_108' title='bbox 3449 1781 3532 1848; x_wconf 91' lang='lat' dir='ltr'><strong>ut</strong></span> <span class='ocrx_word' id='word_1_109' title='bbox 3577 1774 3932 1849; x_wconf 83' lang='lat' dir='ltr'><strong>materiem</strong></span> <span class='ocrx_word' id='word_1_110' title='bbox 3974 1772 4043 1845; x_wconf 91' lang='lat' dir='ltr'><strong>in</strong></span> <span class='ocrx_word' id='word_1_111' title='bbox 4082 1796 4211 1845; x_wconf 89' lang='lat' dir='ltr'><strong>eum</strong></span> 
     </span>
     <span class='ocr_line' id='line_1_11' title="bbox 1224 1892 4209 1996; baseline -0.003 -23"><span class='ocrx_word' id='word_1_112' title='bbox 1224 1897 1593 1973; x_wconf 81' lang='lat' dir='ltr'><strong>transferat</strong></span> <span class='ocrx_word' id='word_1_113' title='bbox 1631 1896 1858 1971; x_wconf 91' lang='lat' dir='ltr'><strong>locum</strong></span> <span class='ocrx_word' id='word_1_114' title='bbox 1880 1956 1900 1985; x_wconf 89' lang='lat'><em>,</em></span> <span class='ocrx_word' id='word_1_115' title='bbox 1971 1921 2112 1995; x_wconf 93' lang='lat' dir='ltr'><strong>quo</strong></span> <span class='ocrx_word' id='word_1_116' title='bbox 2153 1896 2653 1971; x_wconf 89' lang='lat' dir='ltr'><strong>instauratione</strong></span> <span class='ocrx_word' id='word_1_117' title='bbox 2698 1903 2806 1971; x_wconf 89' lang='lat' dir='ltr'><strong>est</strong></span> <span class='ocrx_word' id='word_1_118' title='bbox 2852 1921 3069 1996; x_wconf 84' lang='lat' dir='ltr'><strong>opus;</strong></span> <span class='ocrx_word' id='word_1_119' title='bbox 3135 1902 3397 1996; x_wconf 89' lang='lat' dir='ltr'><strong>quanta</strong></span> <span class='ocrx_word' id='word_1_120' title='bbox 3443 1895 3877 1994; x_wconf 89' lang='lat' dir='ltr'><strong>providentia</strong></span> <span class='ocrx_word' id='word_1_121' title='bbox 3913 1902 3980 1967; x_wconf 91' lang='lat' dir='ltr'><strong>et</strong></span> <span class='ocrx_word' id='word_1_122' title='bbox 4022 1892 4209 1967; x_wconf 85' lang='lat' dir='ltr'><strong>anxie·</strong></span> 
     </span>
    </p>

    <p class='ocr_par' dir='ltr' id='par_1_3' title="bbox 1227 2006 4491 2453">
     <span class='ocr_line' id='line_1_12' title="bbox 1227 2006 4213 2105; baseline -0.002 -15"><span class='ocrx_word' id='word_1_123' title='bbox 1227 2025 1374 2093; x_wconf 88' lang='lat' dir='ltr'><strong>tate</strong></span> <span class='ocrx_word' id='word_1_124' title='bbox 1436 2026 1543 2093; x_wconf 90' lang='lat' dir='ltr'><strong>est</strong></span> <span class='ocrx_word' id='word_1_125' title='bbox 1601 2015 1986 2091; x_wconf 90' lang='lat' dir='ltr'><strong>cavendum</strong></span> <span class='ocrx_word' id='word_1_126' title='bbox 2007 2075 2027 2105; x_wconf 90' lang='lat'><em>,</em></span> <span class='ocrx_word' id='word_1_127' title='bbox 2083 2024 2172 2089; x_wconf 80' lang='lat' dir='ltr'><strong>&#39;ut</strong></span> <span class='ocrx_word' id='word_1_128' title='bbox 2236 2040 2326 2089; x_wconf 89' lang='lat' dir='ltr'><strong>ne</strong></span> <span class='ocrx_word' id='word_1_129' title='bbox 2394 2016 2681 2091; x_wconf 88' lang='lat' dir='ltr'><strong>materia</strong></span> <span class='ocrx_word' id='word_1_130' title='bbox 2744 2015 2833 2091; x_wconf 91' lang='lat' dir='ltr'><strong>ab</strong></span> <span class='ocrx_word' id='word_1_131' title='bbox 2878 2040 3019 2091; x_wconf 92' lang='lat' dir='ltr'><strong>uno</strong></span> <span class='ocrx_word' id='word_1_132' title='bbox 3072 2016 3219 2092; x_wconf 93' lang='lat' dir='ltr'><strong>loco</strong></span> <span class='ocrx_word' id='word_1_133' title='bbox 3271 2006 3349 2089; x_wconf 90' lang='lat' dir='ltr'><strong>in</strong></span> <span class='ocrx_word' id='word_1_134' title='bbox 3398 2016 3693 2091; x_wconf 86' lang='lat' dir='ltr'><strong>alterum</strong></span> <span class='ocrx_word' id='word_1_135' title='bbox 3740 2015 4057 2090; x_wconf 86' lang='lat' dir='ltr'><strong>translata</strong></span> <span class='ocrx_word' id='word_1_136' title='bbox 4104 2013 4213 2086; x_wconf 86' lang='lat' dir='ltr'><strong>vim</strong></span> 
     </span>
     <span class='ocr_line' id='line_1_13' title="bbox 1227 2131 4213 2239; baseline -0.003 -26"><span class='ocrx_word' id='word_1_137' title='bbox 1227 2138 1506 2213; x_wconf 83' lang='lat' dir='ltr'><strong>vitalem</strong></span> <span class='ocrx_word' id='word_1_138' title='bbox 1573 2138 1868 2213; x_wconf 90' lang='lat' dir='ltr'><strong>amittat.</strong></span> <span class='ocrx_word' id='word_1_139' title='bbox 1968 2137 2219 2237; x_wconf 93' lang='lat' dir='ltr'><strong>Neque</strong></span> <span class='ocrx_word' id='word_1_140' title='bbox 2282 2135 2391 2210; x_wconf 90' lang='lat' dir='ltr'><strong>his</strong></span> <span class='ocrx_word' id='word_1_141' title='bbox 2458 2135 2747 2211; x_wconf 88' lang='lat' dir='ltr'><strong>feliciter</strong></span> <span class='ocrx_word' id='word_1_142' title='bbox 2807 2137 3215 2237; x_wconf 88' lang='lat' dir='ltr'><strong>perpetratis</strong></span> <span class='ocrx_word' id='word_1_143' title='bbox 3282 2159 3523 2211; x_wconf 90' lang='lat' dir='ltr'><strong>omnes</strong></span> <span class='ocrx_word' id='word_1_144' title='bbox 3580 2135 4046 2239; x_wconf 83' lang='lat' dir='ltr'><strong>difficultates,</strong></span> <span class='ocrx_word' id='word_1_145' title='bbox 4094 2131 4213 2230; x_wconf 92' lang='lat' dir='ltr'><strong>qui-</strong></span> 
     </span>
     <span class='ocr_line' id='line_1_14' title="bbox 1229 2254 4219 2356; baseline -0.002 -24"><span class='ocrx_word' id='word_1_146' title='bbox 1229 2257 1528 2334; x_wconf 90' lang='lat' dir='ltr'><strong>buscum</strong></span> <span class='ocrx_word' id='word_1_147' title='bbox 1595 2257 1918 2356; x_wconf 89' lang='lat' dir='ltr'><strong>chirurgo</strong></span> <span class='ocrx_word' id='word_1_148' title='bbox 1962 2264 2070 2333; x_wconf 91' lang='lat' dir='ltr'><strong>est</strong></span> <span class='ocrx_word' id='word_1_149' title='bbox 2141 2254 2679 2333; x_wconf 90' lang='lat' dir='ltr'><strong>conflictandum</strong></span> <span class='ocrx_word' id='word_1_150' title='bbox 2702 2316 2722 2345; x_wconf 89' lang='lat'><em>,</em></span> <span class='ocrx_word' id='word_1_151' title='bbox 2784 2265 3233 2356; x_wconf 85' lang='lat' dir='ltr'><strong>exsuperatae</strong></span> <span class='ocrx_word' id='word_1_152' title='bbox 3288 2264 3453 2330; x_wconf 90' lang='lat' dir='ltr'><strong>sunt</strong></span> <span class='ocrx_word' id='word_1_153' title='bbox 3500 2264 3571 2331; x_wconf 93' lang='lat' dir='ltr'><strong>et</strong></span> <span class='ocrx_word' id='word_1_154' title='bbox 3622 2255 3968 2331; x_wconf 86' lang='lat' dir='ltr'><strong>sublatae:</strong></span> <span class='ocrx_word' id='word_1_155' title='bbox 4016 2260 4219 2326; x_wconf 84' lang='lat' dir='ltr'><strong>natura</strong></span> 
     </span>
     <span class='ocr_line' id='line_1_15' title="bbox 1228 2373 4219 2453; baseline -0.002 -1"><span class='ocrx_word' id='word_1_156' title='bbox 1228 2379 1416 2453; x_wconf 92' lang='lat' dir='ltr'><strong>enim</strong></span> <span class='ocrx_word' id='word_1_157' title='bbox 1476 2385 1750 2453; x_wconf 89' lang='lat' dir='ltr'><strong>tantum</strong></span> <span class='ocrx_word' id='word_1_158' title='bbox 1821 2377 2020 2452; x_wconf 92' lang='lat' dir='ltr'><strong>abest</strong></span> <span class='ocrx_word' id='word_1_159' title='bbox 2080 2386 2164 2452; x_wconf 92' lang='lat' dir='ltr'><strong>ut</strong></span> <span class='ocrx_word' id='word_1_160' title='bbox 2203 2376 2489 2453; x_wconf 86' lang='lat' dir='ltr'><strong>adiuvet</strong></span> <span class='ocrx_word' id='word_1_161' title='bbox 2538 2376 2871 2452; x_wconf 89' lang='lat' dir='ltr'><strong>artificem</strong></span> <span class='ocrx_word' id='word_1_162' title='bbox 2921 2378 2993 2452; x_wconf 93' lang='lat' dir='ltr'><strong>in</strong></span> <span class='ocrx_word' id='word_1_163' title='bbox 3042 2377 3454 2453; x_wconf 89' lang='lat' dir='ltr'><strong>stabilienda</strong></span> <span class='ocrx_word' id='word_1_164' title='bbox 3508 2385 3580 2451; x_wconf 89' lang='lat' dir='ltr'><strong>et</strong></span> <span class='ocrx_word' id='word_1_165' title='bbox 3624 2374 4075 2451; x_wconf 85' lang='lat' dir='ltr'><strong>conservanda</strong></span> <span class='ocrx_word' id='word_1_166' title='bbox 4114 2373 4219 2446; x_wconf 83' lang='lat' dir='ltr'><strong>for·</strong></span> 
     </span>
    </p>

    <p class='ocr_par' dir='ltr' id='par_1_4' title="bbox 1227 2490 4219 2598">
     <span class='ocr_line' id='line_1_16' title="bbox 1227 2490 4219 2598; baseline -0.003 -24"><span class='ocrx_word' id='word_1_167' title='bbox 1227 2524 1344 2574; x_wconf 92' lang='lat' dir='ltr'><strong>ma</strong></span> <span class='ocrx_word' id='word_1_168' title='bbox 1362 2557 1382 2588; x_wconf 90' lang='lat'>‚</span> <span class='ocrx_word' id='word_1_169' title='bbox 1448 2522 1660 2598; x_wconf 89' lang='lat' dir='ltr'><strong>quam</strong></span> <span class='ocrx_word' id='word_1_170' title='bbox 1707 2498 1824 2572; x_wconf 88' lang='lat' dir='ltr'><strong>ille</strong></span> <span class='ocrx_word' id='word_1_171' title='bbox 1884 2499 2210 2574; x_wconf 82' lang='lat' dir='ltr'><strong>materiae</strong></span> <span class='ocrx_word' id='word_1_172' title='bbox 2274 2496 2649 2596; x_wconf 89' lang='lat' dir='ltr'><strong>impertiit,</strong></span> <span class='ocrx_word' id='word_1_173' title='bbox 2722 2504 2803 2572; x_wconf 91' lang='lat' dir='ltr'><strong>ut</strong></span> <span class='ocrx_word' id='word_1_174' title='bbox 2867 2505 3105 2573; x_wconf 88' lang='lat' dir='ltr'><strong>contra</strong></span> <span class='ocrx_word' id='word_1_175' title='bbox 3171 2523 3325 2574; x_wconf 89' lang='lat' dir='ltr'><strong>eam</strong></span> <span class='ocrx_word' id='word_1_176' title='bbox 3374 2497 3601 2573; x_wconf 86' lang='lat' dir='ltr'><strong>delere</strong></span> <span class='ocrx_word' id='word_1_177' title='bbox 3650 2496 3931 2571; x_wconf 83' lang='lat' dir='ltr'><strong>studeat</strong></span> <span class='ocrx_word' id='word_1_178' title='bbox 3970 2502 4035 2569; x_wconf 90' lang='lat' dir='ltr'><strong>et</strong></span> <span class='ocrx_word' id='word_1_179' title='bbox 4070 2490 4219 2566; x_wconf 87' lang='lat' dir='ltr'><strong>disii-</strong></span> 
     </span>
    </p>

    <p class='ocr_par' dir='ltr' id='par_1_5' title="bbox 1227 2616 4221 2718">
     <span class='ocr_line' id='line_1_17' title="bbox 1227 2616 4221 2718; baseline 0 -25"><span class='ocrx_word' id='word_1_180' title='bbox 1227 2644 1418 2707; x_wconf 82' lang='lat' dir='ltr'><strong>cere3</strong></span> <span class='ocrx_word' id='word_1_181' title='bbox 1468 2619 1706 2718; x_wconf 87' lang='lat' dir='ltr'><strong>itaque</strong></span> <span class='ocrx_word' id='word_1_182' title='bbox 1748 2642 1925 2694; x_wconf 86' lang='lat' dir='ltr'><strong>novo</strong></span> <span class='ocrx_word' id='word_1_183' title='bbox 1967 2644 2144 2716; x_wconf 85' lang='lat' dir='ltr'><strong>opus</strong></span> <span class='ocrx_word' id='word_1_184' title='bbox 2188 2624 2295 2692; x_wconf 90' lang='lat' dir='ltr'><strong>est</strong></span> <span class='ocrx_word' id='word_1_185' title='bbox 2343 2616 2578 2694; x_wconf 89' lang='lat' dir='ltr'><strong>labore</strong></span> <span class='ocrx_word' id='word_1_186' title='bbox 2600 2676 2621 2705; x_wconf 91' lang='lat'><em>,</em></span> <span class='ocrx_word' id='word_1_187' title='bbox 2672 2625 2755 2692; x_wconf 91' lang='lat' dir='ltr'><strong>ut</strong></span> <span class='ocrx_word' id='word_1_188' title='bbox 2798 2620 2887 2693; x_wconf 92' lang='lat' dir='ltr'><strong>de</strong></span> <span class='ocrx_word' id='word_1_189' title='bbox 2935 2618 3153 2693; x_wconf 87' lang='lat' dir='ltr'><strong>invita</strong></span> <span class='ocrx_word' id='word_1_190' title='bbox 3193 2618 3393 2718; x_wconf 89' lang='lat' dir='ltr'><strong>quasi</strong></span> <span class='ocrx_word' id='word_1_191' title='bbox 3434 2625 3685 2693; x_wconf 87' lang='lat' dir='ltr'><strong>natura</strong></span> <span class='ocrx_word' id='word_1_192' title='bbox 3724 2616 4005 2693; x_wconf 88' lang='lat' dir='ltr'><strong>victoria</strong></span> <span class='ocrx_word' id='word_1_193' title='bbox 4036 2636 4221 2711; x_wconf 75' lang='lat' dir='ltr'><strong>tepor:</strong></span> 
     </span>
    </p>

    <p class='ocr_par' dir='ltr' id='par_1_6' title="bbox 1225 2728 4223 3081">
     <span class='ocr_line' id='line_1_18' title="bbox 1225 2728 4221 2839; baseline -0.002 -28"><span class='ocrx_word' id='word_1_194' title='bbox 1225 2745 1434 2814; x_wconf 89' lang='lat' dir='ltr'><strong>tetur.</strong></span> <span class='ocrx_word' id='word_1_195' title='bbox 1528 2728 1937 2813; x_wconf 86' lang='lat' dir='ltr'><strong>Cavendum</strong></span> <span class='ocrx_word' id='word_1_196' title='bbox 1985 2739 2203 2839; x_wconf 89' lang='lat' dir='ltr'><strong>igitur</strong></span> <span class='ocrx_word' id='word_1_197' title='bbox 2267 2744 2415 2828; x_wconf 89' lang='lat' dir='ltr'><strong>est,</strong></span> <span class='ocrx_word' id='word_1_198' title='bbox 2480 2763 2571 2813; x_wconf 92' lang='lat' dir='ltr'><strong>ne</strong></span> <span class='ocrx_word' id='word_1_199' title='bbox 2632 2738 2922 2813; x_wconf 90' lang='lat' dir='ltr'><strong>nimiam</strong></span> <span class='ocrx_word' id='word_1_200' title='bbox 2992 2764 3187 2838; x_wconf 90' lang='lat' dir='ltr'><strong>spem</strong></span> <span class='ocrx_word' id='word_1_201' title='bbox 3230 2740 3317 2814; x_wconf 91' lang='lat' dir='ltr'><strong>de</strong></span> <span class='ocrx_word' id='word_1_202' title='bbox 3364 2737 3823 2838; x_wconf 86' lang='lat' dir='ltr'><strong>autoplastiae</strong></span> <span class='ocrx_word' id='word_1_203' title='bbox 3872 2732 4221 2811; x_wconf 84' lang='lat' dir='ltr'><strong>cosmeticae</strong></span> 
     </span>
     <span class='ocr_line' id='line_1_19' title="bbox 1225 2856 4223 2959; baseline -0.004 -26"><span class='ocrx_word' id='word_1_204' title='bbox 1225 2856 1572 2933; x_wconf 81' lang='lat' dir='ltr'><strong>fructibus</strong></span> <span class='ocrx_word' id='word_1_205' title='bbox 1633 2857 2008 2934; x_wconf 88' lang='lat' dir='ltr'><strong>foveamus.</strong></span> <span class='ocrx_word' id='word_1_206' title='bbox 2133 2859 2297 2933; x_wconf 93' lang='lat' dir='ltr'><strong>Non</strong></span> <span class='ocrx_word' id='word_1_207' title='bbox 2361 2883 2633 2959; x_wconf 89' lang='lat' dir='ltr'><strong>semper</strong></span> <span class='ocrx_word' id='word_1_208' title='bbox 2695 2867 2945 2935; x_wconf 90' lang='lat' dir='ltr'><strong>natura</strong></span> <span class='ocrx_word' id='word_1_209' title='bbox 3004 2860 3172 2935; x_wconf 89' lang='lat' dir='ltr'><strong>artis</strong></span> <span class='ocrx_word' id='word_1_210' title='bbox 3238 2860 3599 2935; x_wconf 87' lang='lat' dir='ltr'><strong>conamina</strong></span> <span class='ocrx_word' id='word_1_211' title='bbox 3676 2866 3950 2958; x_wconf 89' lang='lat' dir='ltr'><strong>sperato</strong></span> <span class='ocrx_word' id='word_1_212' title='bbox 4018 2858 4223 2929; x_wconf 85' lang='lat' dir='ltr'><strong>eventu</strong></span> 
     </span>
     <span class='ocr_line' id='line_1_20' title="bbox 1228 2972 4222 3081; baseline -0.002 -28"><span class='ocrx_word' id='word_1_213' title='bbox 1228 2985 1712 3056; x_wconf 89' lang='lat' dir='ltr'><strong>remuneratur</strong></span> <span class='ocrx_word' id='word_1_214' title='bbox 1730 3036 1752 3069; x_wconf 88' lang='lat'>,</span> <span class='ocrx_word' id='word_1_215' title='bbox 1819 3003 2048 3080; x_wconf 87' lang='lat' dir='ltr'><strong>neque</strong></span> <span class='ocrx_word' id='word_1_216' title='bbox 2111 2978 2352 3081; x_wconf 89' lang='lat' dir='ltr'><strong>negari</strong></span> <span class='ocrx_word' id='word_1_217' title='bbox 2418 2986 2648 3079; x_wconf 90' lang='lat' dir='ltr'><strong>potest</strong></span> <span class='ocrx_word' id='word_1_218' title='bbox 2712 2978 3093 3056; x_wconf 85' lang='lat' dir='ltr'><strong>admodum</strong></span> <span class='ocrx_word' id='word_1_219' title='bbox 3153 3005 3305 3057; x_wconf 88' lang='lat' dir='ltr'><strong>rara</strong></span> <span class='ocrx_word' id='word_1_220' title='bbox 3361 2980 3436 3056; x_wconf 94' lang='lat' dir='ltr'><strong>in</strong></span> <span class='ocrx_word' id='word_1_221' title='bbox 3506 2978 3708 3057; x_wconf 83' lang='lat' dir='ltr'><strong>faciei</strong></span> <span class='ocrx_word' id='word_1_222' title='bbox 3772 2978 4067 3080; x_wconf 89' lang='lat' dir='ltr'><strong>partium</strong></span> <span class='ocrx_word' id='word_1_223' title='bbox 4109 2972 4222 3072; x_wconf 80' lang='lat' dir='ltr'><strong>pla·</strong></span> 
     </span>
    </p>

    <p class='ocr_par' dir='ltr' id='par_1_7' title="bbox 1227 3005 4494 4378">
     <span class='ocr_line' id='line_1_21' title="bbox 1231 3095 4223 3201; baseline -0.002 -27"><span class='ocrx_word' id='word_1_224' title='bbox 1231 3100 1402 3176; x_wconf 90' lang='lat' dir='ltr'><strong>stica</strong></span> <span class='ocrx_word' id='word_1_225' title='bbox 1459 3099 1960 3175; x_wconf 83' lang='lat' dir='ltr'><strong>instauratione</strong></span> <span class='ocrx_word' id='word_1_226' title='bbox 2023 3125 2174 3175; x_wconf 90' lang='lat' dir='ltr'><strong>esse</strong></span> <span class='ocrx_word' id='word_1_227' title='bbox 2235 3100 2553 3200; x_wconf 87' lang='lat' dir='ltr'><strong>exempla</strong></span> <span class='ocrx_word' id='word_1_228' title='bbox 2572 3159 2592 3190; x_wconf 90' lang='lat'>‚</span> <span class='ocrx_word' id='word_1_229' title='bbox 2677 3100 2937 3200; x_wconf 90' lang='lat' dir='ltr'><strong>quibus</strong></span> <span class='ocrx_word' id='word_1_230' title='bbox 2993 3101 3298 3201; x_wconf 88' lang='lat' dir='ltr'><strong>chirurgi</strong></span> <span class='ocrx_word' id='word_1_231' title='bbox 3346 3126 3525 3201; x_wconf 90' lang='lat' dir='ltr'><strong>opus</strong></span> <span class='ocrx_word' id='word_1_232' title='bbox 3570 3101 3755 3176; x_wconf 86' lang='lat' dir='ltr'><strong>felici</strong></span> <span class='ocrx_word' id='word_1_233' title='bbox 3806 3099 4075 3174; x_wconf 93' lang='lat' dir='ltr'><strong>omnino</strong></span> <span class='ocrx_word' id='word_1_234' title='bbox 4114 3095 4223 3168; x_wconf 88' lang='lat' dir='ltr'><strong>fine</strong></span> 
     </span>
     <span class='ocr_line' id='line_1_22' title="bbox 1227 3213 4223 3322; baseline -0.001 -28"><span class='ocrx_word' id='word_1_235' title='bbox 1227 3221 1320 3295; x_wconf 90' lang='lat' dir='ltr'><strong>sit</strong></span> <span class='ocrx_word' id='word_1_236' title='bbox 1375 3227 1777 3296; x_wconf 90' lang='lat' dir='ltr'><strong>coronatum</strong></span> <span class='ocrx_word' id='word_1_237' title='bbox 1795 3279 1816 3308; x_wconf 88' lang='lat'><em>,</em></span> <span class='ocrx_word' id='word_1_238' title='bbox 1872 3227 1943 3294; x_wconf 90' lang='lat' dir='ltr'><strong>et</strong></span> <span class='ocrx_word' id='word_1_239' title='bbox 1977 3246 2471 3321; x_wconf 88' lang='lat' dir='ltr'><strong>saepenumero</strong></span> <span class='ocrx_word' id='word_1_240' title='bbox 2515 3221 2593 3296; x_wconf 89' lang='lat' dir='ltr'><strong>id</strong></span> <span class='ocrx_word' id='word_1_241' title='bbox 2644 3247 2865 3297; x_wconf 92' lang='lat' dir='ltr'><strong>unum</strong></span> <span class='ocrx_word' id='word_1_242' title='bbox 2913 3223 3307 3322; x_wconf 88' lang='lat' dir='ltr'><strong>operatione</strong></span> <span class='ocrx_word' id='word_1_243' title='bbox 3354 3221 3674 3297; x_wconf 88' lang='lat' dir='ltr'><strong>effectum</strong></span> <span class='ocrx_word' id='word_1_244' title='bbox 3724 3246 3881 3297; x_wconf 89' lang='lat' dir='ltr'><strong>esse</strong></span> <span class='ocrx_word' id='word_1_245' title='bbox 3900 3281 3919 3311; x_wconf 90' lang='lat'><em>,</em></span> <span class='ocrx_word' id='word_1_246' title='bbox 3974 3226 4051 3292; x_wconf 89' lang='lat' dir='ltr'><strong>ut</strong></span> <span class='ocrx_word' id='word_1_247' title='bbox 4092 3213 4223 3289; x_wconf 86' lang='lat' dir='ltr'><strong>ridi·</strong></span> 
     </span>
     <span class='ocr_line' id='line_1_23' title="bbox 1227 3333 4223 3440; baseline -0.003 -24"><span class='ocrx_word' id='word_1_248' title='bbox 1227 3341 1465 3416; x_wconf 89' lang='lat' dir='ltr'><strong>culum</strong></span> <span class='ocrx_word' id='word_1_249' title='bbox 1534 3342 1699 3430; x_wconf 85' lang='lat' dir='ltr'><strong>fiat,</strong></span> <span class='ocrx_word' id='word_1_250' title='bbox 1773 3342 1964 3440; x_wconf 90' lang='lat' dir='ltr'><strong>quod</strong></span> <span class='ocrx_word' id='word_1_251' title='bbox 2033 3342 2068 3416; x_wconf 88' lang='lat' dir='ltr'><strong>f</strong></span> <span class='ocrx_word' id='word_1_252' title='bbox 2068 3350 2259 3418; x_wconf 88' lang='lat' dir='ltr'><strong>uerat</strong></span> <span class='ocrx_word' id='word_1_253' title='bbox 2306 3341 2730 3417; x_wconf 89' lang='lat' dir='ltr'><strong>horrendum</strong></span> <span class='ocrx_word' id='word_1_254' title='bbox 2778 3351 2849 3417; x_wconf 90' lang='lat' dir='ltr'><strong>et</strong></span> <span class='ocrx_word' id='word_1_255' title='bbox 2903 3343 3207 3419; x_wconf 89' lang='lat' dir='ltr'><strong>foedum.</strong></span> <span class='ocrx_word' id='word_1_256' title='bbox 3330 3340 3483 3418; x_wconf 90' lang='lat' dir='ltr'><strong>Nec</strong></span> <span class='ocrx_word' id='word_1_257' title='bbox 3537 3351 3769 3418; x_wconf 90' lang='lat' dir='ltr'><strong>tamen</strong></span> <span class='ocrx_word' id='word_1_258' title='bbox 3824 3333 4223 3439; x_wconf 82' lang='lat' dir='ltr'><strong>autoplastiae</strong></span> 
     </span>
     <span class='ocr_line' id='line_1_24' title="bbox 1227 3456 4222 3563; baseline -0.002 -29"><span class='ocrx_word' id='word_1_259' title='bbox 1227 3460 1534 3559; x_wconf 85' lang='lat' dir='ltr'><strong>pretium</strong></span> <span class='ocrx_word' id='word_1_260' title='bbox 1601 3467 1813 3559; x_wconf 90' lang='lat' dir='ltr'><strong>atque</strong></span> <span class='ocrx_word' id='word_1_261' title='bbox 1876 3462 2030 3537; x_wconf 86' lang='lat' dir='ltr'><strong>laus</strong></span> <span class='ocrx_word' id='word_1_262' title='bbox 2095 3461 2282 3538; x_wconf 87' lang='lat' dir='ltr'><strong>hisce</strong></span> <span class='ocrx_word' id='word_1_263' title='bbox 2347 3462 2585 3536; x_wconf 89' lang='lat' dir='ltr'><strong>minus</strong></span> <span class='ocrx_word' id='word_1_264' title='bbox 2631 3463 2941 3562; x_wconf 88' lang='lat' dir='ltr'><strong>prosperi</strong></span> <span class='ocrx_word' id='word_1_265' title='bbox 2992 3487 3352 3538; x_wconf 89' lang='lat' dir='ltr'><strong>successus</strong></span> <span class='ocrx_word' id='word_1_266' title='bbox 3406 3462 3739 3563; x_wconf 84' lang='lat' dir='ltr'><strong>exemplis</strong></span> <span class='ocrx_word' id='word_1_267' title='bbox 3791 3456 4190 3537; x_wconf 88' lang='lat' dir='ltr'><strong>imminuitur</strong></span> <span class='ocrx_word' id='word_1_268' title='bbox 4206 3510 4222 3539; x_wconf 86' lang='lat'>,</span> 
     </span>
     <span class='ocr_line' id='line_1_25' title="bbox 1235 3573 4225 3680; baseline -0.001 -26"><span class='ocrx_word' id='word_1_269' title='bbox 1235 3578 1496 3678; x_wconf 88' lang='lat' dir='ltr'><strong>quippe</strong></span> <span class='ocrx_word' id='word_1_270' title='bbox 1555 3604 1734 3678; x_wconf 90' lang='lat' dir='ltr'><strong>quae</strong></span> <span class='ocrx_word' id='word_1_271' title='bbox 1799 3605 2128 3680; x_wconf 90' lang='lat' dir='ltr'><strong>magnam</strong></span> <span class='ocrx_word' id='word_1_272' title='bbox 2183 3588 2451 3680; x_wconf 87' lang='lat' dir='ltr'><strong>partem</strong></span> <span class='ocrx_word' id='word_1_273' title='bbox 2508 3581 2780 3656; x_wconf 91' lang='lat' dir='ltr'><strong>crimini</strong></span> <span class='ocrx_word' id='word_1_274' title='bbox 2828 3582 2969 3657; x_wconf 91' lang='lat' dir='ltr'><strong>sint</strong></span> <span class='ocrx_word' id='word_1_275' title='bbox 3016 3583 3285 3658; x_wconf 90' lang='lat' dir='ltr'><strong>dandae</strong></span> <span class='ocrx_word' id='word_1_276' title='bbox 3335 3583 3527 3659; x_wconf 84' lang='lat' dir='ltr'><strong>falsis</strong></span> <span class='ocrx_word' id='word_1_277' title='bbox 3574 3582 3909 3658; x_wconf 86' lang='lat' dir='ltr'><strong>adhibitis</strong></span> <span class='ocrx_word' id='word_1_278' title='bbox 3954 3573 4225 3654; x_wconf 80' lang='lat' dir='ltr'><strong>remediis</strong></span> 
     </span>
     <span class='ocr_line' id='line_1_26' title="bbox 1236 3699 4223 3804; baseline -0.003 -29"><span class='ocrx_word' id='word_1_279' title='bbox 1236 3706 1360 3775; x_wconf 91' lang='lat' dir='ltr'><strong>aut</strong></span> <span class='ocrx_word' id='word_1_280' title='bbox 1433 3699 1890 3798; x_wconf 86' lang='lat' dir='ltr'><strong>experientiae</strong></span> <span class='ocrx_word' id='word_1_281' title='bbox 1961 3701 2517 3800; x_wconf 88' lang='lat' dir='ltr'><strong>inventionisque</strong></span> <span class='ocrx_word' id='word_1_282' title='bbox 2585 3701 2887 3778; x_wconf 86' lang='lat' dir='ltr'><strong>defectui</strong></span> <span class='ocrx_word' id='word_1_283' title='bbox 2910 3756 2931 3796; x_wconf 90' lang='lat'>,</span> <span class='ocrx_word' id='word_1_284' title='bbox 2996 3703 3194 3780; x_wconf 85' lang='lat' dir='ltr'><strong>cuius</strong></span> <span class='ocrx_word' id='word_1_285' title='bbox 3261 3703 3681 3804; x_wconf 87' lang='lat' dir='ltr'><strong>praestantia</strong></span> <span class='ocrx_word' id='word_1_286' title='bbox 3721 3711 3797 3776; x_wconf 92' lang='lat' dir='ltr'><strong>et</strong></span> <span class='ocrx_word' id='word_1_287' title='bbox 3844 3704 4223 3778; x_wconf 90' lang='lat' dir='ltr'><strong>momentum</strong></span> 
     </span>
     <span class='ocr_line' id='line_1_27' title="bbox 1236 3815 4223 3922; baseline -0.001 -28"><span class='ocrx_word' id='word_1_288' title='bbox 1236 3820 1310 3894; x_wconf 92' lang='lat' dir='ltr'><strong>in</strong></span> <span class='ocrx_word' id='word_1_289' title='bbox 1389 3819 1519 3895; x_wconf 89' lang='lat' dir='ltr'><strong>hac</strong></span> <span class='ocrx_word' id='word_1_290' title='bbox 1578 3821 1945 3921; x_wconf 89' lang='lat' dir='ltr'><strong>praecipue</strong></span> <span class='ocrx_word' id='word_1_291' title='bbox 2008 3821 2393 3922; x_wconf 79' lang='lat' dir='ltr'><strong>chirurgiae</strong></span> <span class='ocrx_word' id='word_1_292' title='bbox 2429 3901 2437 3918; x_wconf 33' lang='lat'><strong>¹</strong></span> <span class='ocrx_word' id='word_1_293' title='bbox 2451 3831 2647 3922; x_wconf 88' lang='lat' dir='ltr'><strong>parte</strong></span> <span class='ocrx_word' id='word_1_294' title='bbox 2712 3831 3110 3899; x_wconf 89' lang='lat' dir='ltr'><strong>cernuntur.</strong></span> <span class='ocrx_word' id='word_1_295' title='bbox 3214 3825 3501 3902; x_wconf 85' lang='lat' dir='ltr'><strong>Quanta</strong></span> <span class='ocrx_word' id='word_1_296' title='bbox 3564 3823 3751 3898; x_wconf 89' lang='lat' dir='ltr'><strong>enim</strong></span> <span class='ocrx_word' id='word_1_297' title='bbox 3818 3817 4119 3898; x_wconf 83' lang='lat' dir='ltr'><strong>saecundi</strong></span> <span class='ocrx_word' id='word_1_298' title='bbox 4170 3815 4223 3885; x_wconf 69' lang='lat' dir='ltr'><strong>et</strong></span> 
     </span>
     <span class='ocr_line' id='line_1_28' title="bbox 1243 3932 4221 4041; baseline -0.001 -25"><span class='ocrx_word' id='word_1_299' title='bbox 1243 3939 1536 4016; x_wconf 88' lang='lat' dir='ltr'><strong>sollertis</strong></span> <span class='ocrx_word' id='word_1_300' title='bbox 1605 3940 1868 4041; x_wconf 91' lang='lat' dir='ltr'><strong>ingenii</strong></span> <span class='ocrx_word' id='word_1_301' title='bbox 1933 3943 2023 4018; x_wconf 90' lang='lat' dir='ltr'><strong>sit</strong></span> <span class='ocrx_word' id='word_1_302' title='bbox 2083 3942 2185 4016; x_wconf 90' lang='lat' dir='ltr'><strong>vis</strong></span> <span class='ocrx_word' id='word_1_303' title='bbox 2203 4001 2224 4030; x_wconf 90' lang='lat'><em>,</em></span> <span class='ocrx_word' id='word_1_304' title='bbox 2287 3941 2884 4040; x_wconf 90' lang='lat' dir='ltr'><strong>splendidissimae</strong></span> <span class='ocrx_word' id='word_1_305' title='bbox 2949 3943 3269 4019; x_wconf 86' lang='lat' dir='ltr'><strong>victoriae</strong></span> <span class='ocrx_word' id='word_1_306' title='bbox 3354 3943 3873 4032; x_wconf 87' lang='lat' dir='ltr'><strong>demonstrant,</strong></span> <span class='ocrx_word' id='word_1_307' title='bbox 3948 3962 4107 4039; x_wconf 83' lang='lat' dir='ltr'><strong>quas</strong></span> <span class='ocrx_word' id='word_1_308' title='bbox 4155 3932 4221 4006; x_wconf 81' lang='lat' dir='ltr'><strong>de</strong></span> 
     </span>
     <span class='ocr_line' id='line_1_29' title="bbox 1235 4059 4223 4163; baseline -0.001 -29"><span class='ocrx_word' id='word_1_309' title='bbox 1235 4059 1632 4136; x_wconf 87' lang='lat' dir='ltr'><strong>inveteratis</strong></span> <span class='ocrx_word' id='word_1_310' title='bbox 1673 4061 1876 4137; x_wconf 92' lang='lat' dir='ltr'><strong>malis</strong></span> <span class='ocrx_word' id='word_1_311' title='bbox 1898 4121 1920 4150; x_wconf 88' lang='lat'>,</span> <span class='ocrx_word' id='word_1_312' title='bbox 1983 4087 2302 4163; x_wconf 89' lang='lat' dir='ltr'><strong>quaeque</strong></span> <span class='ocrx_word' id='word_1_313' title='bbox 2350 4063 2633 4138; x_wconf 91' lang='lat' dir='ltr'><strong>omnino</strong></span> <span class='ocrx_word' id='word_1_314' title='bbox 2693 4062 3106 4138; x_wconf 88' lang='lat' dir='ltr'><strong>videbantur</strong></span> <span class='ocrx_word' id='word_1_315' title='bbox 3159 4063 3386 4139; x_wconf 87' lang='lat' dir='ltr'><strong>sanari</strong></span> <span class='ocrx_word' id='word_1_316' title='bbox 3429 4087 3569 4138; x_wconf 90' lang='lat' dir='ltr'><strong>non</strong></span> <span class='ocrx_word' id='word_1_317' title='bbox 3614 4087 3819 4163; x_wconf 89' lang='lat' dir='ltr'><strong>posse</strong></span> <span class='ocrx_word' id='word_1_318' title='bbox 3838 4119 3859 4150; x_wconf 88' lang='lat'><strong>,</strong></span> <span class='ocrx_word' id='word_1_319' title='bbox 3926 4061 4223 4158; x_wconf 74' lang='lat' dir='ltr'><strong>reportare</strong></span> 
     </span>
     <span class='ocr_line' id='line_1_30' title="bbox 1235 4179 4221 4283; baseline 0 -27"><span class='ocrx_word' id='word_1_320' title='bbox 1235 4180 1526 4280; x_wconf 86' lang='lat' dir='ltr'><strong>contigit</strong></span> <span class='ocrx_word' id='word_1_321' title='bbox 1574 4179 1736 4256; x_wconf 90' lang='lat' dir='ltr'><strong>viris</strong></span> <span class='ocrx_word' id='word_1_322' title='bbox 1784 4181 2268 4258; x_wconf 86' lang='lat' dir='ltr'><strong>illustrissimis</strong></span> <span class='ocrx_word' id='word_1_323' title='bbox 2287 4240 2307 4269; x_wconf 90' lang='lat'>,</span> <span class='ocrx_word' id='word_1_324' title='bbox 2358 4180 2482 4280; x_wconf 92' lang='lat' dir='ltr'><strong>qui</strong></span> <span class='ocrx_word' id='word_1_325' title='bbox 2526 4183 2936 4260; x_wconf 82' lang='lat' dir='ltr'><strong>excolendae</strong></span> <span class='ocrx_word' id='word_1_326' title='bbox 2983 4183 3309 4283; x_wconf 87' lang='lat' dir='ltr'><strong>plasticae</strong></span> <span class='ocrx_word' id='word_1_327' title='bbox 3351 4182 3739 4283; x_wconf 87' lang='lat' dir='ltr'><strong>chirurgiae</strong></span> <span class='ocrx_word' id='word_1_328' title='bbox 3781 4181 3962 4256; x_wconf 89' lang='lat' dir='ltr'><strong>vitae</strong></span> <span class='ocrx_word' id='word_1_329' title='bbox 3996 4182 4221 4278; x_wconf 63' lang='lat' dir='ltr'><strong>partem</strong></span> 
     </span>
     <span class='ocr_line' id='line_1_31' title="bbox 1228 4300 1656 4378; baseline 0.002 -2"><span class='ocrx_word' id='word_1_330' title='bbox 1228 4300 1656 4378; x_wconf 90' lang='lat' dir='ltr'><strong>dedicarunt.</strong></span> 
     </span>
    </p>

    <p class='ocr_par' dir='ltr' id='par_1_8' title="bbox 1237 4409 4219 4902">
     <span class='ocr_line' id='line_1_32' title="bbox 1333 4409 4219 4524; baseline -0.002 -28"><span class='ocrx_word' id='word_1_331' title='bbox 1333 4409 1693 4498; x_wconf 77' lang='lat' dir='ltr'><strong>Pro&#39;fectus</strong></span> <span class='ocrx_word' id='word_1_332' title='bbox 1755 4423 2338 4522; x_wconf 86' lang='lat' dir='ltr'><strong>perlustrantibus</strong></span> <span class='ocrx_word' id='word_1_333' title='bbox 2355 4482 2375 4513; x_wconf 89' lang='lat'>‚</span> <span class='ocrx_word' id='word_1_334' title='bbox 2450 4446 2627 4522; x_wconf 91' lang='lat' dir='ltr'><strong>quos</strong></span> <span class='ocrx_word' id='word_1_335' title='bbox 2674 4421 3023 4523; x_wconf 88' lang='lat' dir='ltr'><strong>chirurgia</strong></span> <span class='ocrx_word' id='word_1_336' title='bbox 3066 4423 3357 4524; x_wconf 88' lang='lat' dir='ltr'><strong>plastica</strong></span> <span class='ocrx_word' id='word_1_337' title='bbox 3398 4423 3585 4498; x_wconf 88' lang='lat' dir='ltr'><strong>hisce</strong></span> <span class='ocrx_word' id='word_1_338' title='bbox 3636 4416 4021 4497; x_wconf 85' lang='lat' dir='ltr'><strong>novissimis</strong></span> <span class='ocrx_word' id='word_1_339' title='bbox 4054 4409 4219 4490; x_wconf 79' lang='lat' dir='ltr'><strong>annis</strong></span> 
     </span>
     <span class='ocr_line' id='line_1_33' title="bbox 1237 4542 4217 4644; baseline 0 -29"><span class='ocrx_word' id='word_1_340' title='bbox 1237 4542 1474 4616; x_wconf 88' lang='lat' dir='ltr'><strong>fecerit</strong></span> <span class='ocrx_word' id='word_1_341' title='bbox 1492 4601 1512 4630; x_wconf 89' lang='lat'><em>,</em></span> <span class='ocrx_word' id='word_1_342' title='bbox 1561 4567 1714 4618; x_wconf 91' lang='lat' dir='ltr'><strong>eam</strong></span> <span class='ocrx_word' id='word_1_343' title='bbox 1758 4568 2178 4644; x_wconf 84' lang='lat' dir='ltr'><strong>magnopere</strong></span> <span class='ocrx_word' id='word_1_344' title='bbox 2230 4545 2545 4619; x_wconf 89' lang='lat' dir='ltr'><strong>videmus</strong></span> <span class='ocrx_word' id='word_1_345' title='bbox 2583 4542 2951 4617; x_wconf 89' lang='lat' dir='ltr'><strong>increvisse</strong></span> <span class='ocrx_word' id='word_1_346' title='bbox 2992 4551 3065 4618; x_wconf 92' lang='lat' dir='ltr'><strong>et</strong></span> <span class='ocrx_word' id='word_1_347' title='bbox 3102 4544 3543 4644; x_wconf 88' lang='lat' dir='ltr'><strong>amplicatam</strong></span> <span class='ocrx_word' id='word_1_348' title='bbox 3586 4566 3737 4616; x_wconf 84' lang='lat' dir='ltr'><strong>esse</strong></span> <span class='ocrx_word' id='word_1_349' title='bbox 3755 4563 3991 4616; x_wconf 90' lang='lat' dir='ltr'><strong>eorum</strong></span> <span class='ocrx_word' id='word_1_350' title='bbox 4016 4555 4217 4634; x_wconf 65' lang='lat' dir='ltr'><strong>opera,</strong></span> 
     </span>
     <span class='ocr_line' id='line_1_34' title="bbox 1242 4653 4219 4762; baseline -0.001 -27"><span class='ocrx_word' id='word_1_351' title='bbox 1242 4661 1367 4759; x_wconf 90' lang='lat' dir='ltr'><strong>qui</strong></span> <span class='ocrx_word' id='word_1_352' title='bbox 1408 4662 1760 4748; x_wconf 62' lang='lat' dir='ltr'><strong>Gauron,</strong></span> <span class='ocrx_word' id='word_1_353' title='bbox 1809 4663 2440 4752; x_wconf 70' lang='lat' dir='ltr'><strong>Dmrrnnnacnn,</strong></span> <span class='ocrx_word' id='word_1_354' title='bbox 2475 4662 2834 4739; x_wconf 89' lang='lat' dir='ltr'><strong>clarissimi</strong></span> <span class='ocrx_word' id='word_1_355' title='bbox 2883 4663 3136 4753; x_wconf 85' lang='lat' dir='ltr'><strong>Roux,</strong></span> <span class='ocrx_word' id='word_1_356' title='bbox 3176 4665 3595 4740; x_wconf 74' lang='lat' dir='ltr'><strong>Dnnrncmr</strong></span> <span class='ocrx_word' id='word_1_357' title='bbox 3637 4661 3929 4762; x_wconf 84' lang='lat' dir='ltr'><strong>vestigia</strong></span> <span class='ocrx_word' id='word_1_358' title='bbox 3972 4653 4219 4732; x_wconf 80' lang='lat' dir='ltr'><strong>firmiter</strong></span> 
     </span>
     <span class='ocr_line' id='line_1_35' title="bbox 1241 4771 4217 4902; baseline -0.001 -47"><span class='ocrx_word' id='word_1_359' title='bbox 1241 4805 1320 4855; x_wconf 90' lang='lat' dir='ltr'><strong>ac</strong></span> <span class='ocrx_word' id='word_1_360' title='bbox 1369 4779 1666 4855; x_wconf 86' lang='lat' dir='ltr'><strong>fideliter</strong></span> <span class='ocrx_word' id='word_1_361' title='bbox 1721 4789 1886 4857; x_wconf 89' lang='lat' dir='ltr'><strong>sunt</strong></span> <span class='ocrx_word' id='word_1_362' title='bbox 1948 4785 2188 4860; x_wconf 89' lang='lat' dir='ltr'><strong>secuti.</strong></span> <span class='ocrx_word' id='word_1_363' title='bbox 2261 4785 2523 4902; x_wconf 60' lang='lat' dir='ltr'><strong>Eorum</strong></span> <span class='ocrx_word' id='word_1_364' title='bbox 2576 4781 2908 4860; x_wconf 88' lang='lat' dir='ltr'><strong>nimirum</strong></span> <span class='ocrx_word' id='word_1_365' title='bbox 2955 4783 3299 4861; x_wconf 86' lang='lat' dir='ltr'><strong>indefessa</strong></span> <span class='ocrx_word' id='word_1_366' title='bbox 3344 4783 3811 4883; x_wconf 88' lang='lat' dir='ltr'><strong>continuaque</strong></span> <span class='ocrx_word' id='word_1_367' title='bbox 3856 4803 4017 4858; x_wconf 84' lang='lat' dir='ltr'><strong>cura</strong></span> <span class='ocrx_word' id='word_1_368' title='bbox 4050 4771 4217 4852; x_wconf 81' lang='lat' dir='ltr'><strong>effec-</strong></span> 
     </span>
    </p>
   </div>
  </div>
 </body>
</html>
