4766 6034
1128 615 1255 679 278
2323 615 2394 680 Ε.
2465 617 2520 683 J.
2590 614 2972 693 KIEHL,

1118 819 1457 918 perituras
1516 820 1892 895 informans
1950 820 2496 899 accuratissimus
2555 822 2934 921 imagines,
3001 819 3228 896 vivido
3287 817 3512 897 colore
3563 819 3829 918 pinxit,
3879 819 3970 896 de
4017 846 4153 921 quo

1121 964 1324 1013 nemo
1396 964 1533 1013 non
1599 948 1827 1038 potest
1892 964 2041 1014 esse
2111 942 2478 1031 sollicitae,
2553 951 2627 1017 et
2693 942 2907 1018 vitam
2977 940 3304 1019 omnibus
3371 940 3680 1017 futuram
3703 999 3723 1029 ,
3800 939 4150 1017 scelerato·

1121 1083 1418 1156 rumque
1474 1084 1730 1158 poenas
1777 1071 1847 1134 et
1897 1060 2107 1135 vitam
2156 1062 2516 1137 beatorum
2535 1121 2556 1152 ,
2617 1063 2988 1138 transitum
3035 1084 3236 1161 porro
3280 1085 3325 1136 a
3370 1060 3646 1137 miseria
3690 1060 3764 1135 in
3807 1068 4150 1135 aeternam

1117 1178 1514 1253 felicitatem
1578 1180 1676 1255 ita
1734 1181 2129 1279 proposuit,
2185 1190 2267 1256 ut
2314 1182 2438 1280 qui
2481 1206 2804 1282 praesens
2853 1176 3108 1257 cuneta
3155 1180 3478 1271 vidisset,
3537 1180 3628 1255 de
3687 1178 3944 1279 quibus
3983 1181 4149 1278 agit.

1119 1297 1367 1393 Neque
1430 1298 1709 1395 ingenia
1768 1307 2043 1373 tantum
2090 1298 2470 1373 immensae
2523 1297 2735 1373 huius
2793 1308 2867 1374 et
2907 1299 3336 1398 Aeschyleae
3385 1299 3882 1399 magnitudinis
3926 1323 4150 1375 move·

1113 1415 1369 1490 bantur
1400 1416 1707 1513 reliquiis
1746 1424 2091 1492 veterum:
2147 1418 2369 1492 dulcis
2420 1418 2534 1492 ille
2585 1419 2982 1493 Parnason
3015 1444 3134 1495 eas
3185 1420 3595 1507 adamabat,
3649 1426 3729 1493 ut
3771 1442 3980 1493 nemo
4009 1442 4149 1493 ma-

993 1596 1015 1613 .
1112 1536 1220 1633 gis
1236 1569 1255 1624 ;
1326 1536 1487 1611 huic
1563 1537 1829 1610 iuveni·
1868 1537 2273 1634 lacrymanti
2342 1562 2619 1612 severus
2683 1546 2881 1636 pater
2945 1539 3417 1627 Omanonmt,
3485 1538 3650 1613 huic
3733 1536 4150 1612 vannorum

1112 1656 1405 1753 eripuit,
1457 1665 1528 1731 et
1587 1657 1751 1755 igne
1798 1657 2163 1746 cremavit,
2224 1681 2404 1754 quae
2454 1666 2610 1754 post
2653 1657 3109 1732 anmncm
3152 1681 3396 1733 omnes
3449 1657 3846 1731 etiamnunc
3900 1656 4152 1731 frustra

1111 1776 1455 1874 lugemus
1530 1779 1679 1851 Nec
1704 1776 1965 1852 lems
2004 1777 2352 1851 incassum
2404 1776 2784 1874 scripserat.
2885 1777 3100 1853 Hune
3146 1783 3228 1853 ut
3275 1777 3563 1853 insanus
3605 1777 3722 1851 ille
3764 1778 4148 1851 Canauna

1111 1896 1249 1970 iam
1317 1896 1483 1971 olim
1549 1897 1948 1984 damnarat,
2020 1895 2470 1995 negligebant
2533 1896 2842 1971 rudiores
2903 1896 2996 1972 ad
3057 1894 3280 1989 unum
3351 1921 3594 1972 omnes
3615 1955 3634 1984 ,
3684 1905 3758 1972 at
3824 1896 4150 1970 ultimum

1114 2016 1589 2090 Romanorum
1646 2016 2133 2105 inflammavit,
2181 2016 2305 2113 qui
2352 2016 2715 2115 pristinam
2773 2026 2846 2091 et
2887 2016 3246 2093 Livianam
3293 2017 3487 2093 illam
3538 2017 3838 2091 Romam
3887 2016 4146 2091 instau-

1108 2144 1423 2239 raturus,
1490 2136 1647 2210 urbi
1713 2142 1784 2209 et
1826 2134 1979 2209 orbi
2027 2135 2517 2210 admirandum
2571 2160 2719 2211 sese
2777 2142 2848 2210 et
2909 2136 3110 2211 initia
3161 2136 3462 2213 melioris
3510 2136 3694 2225 aevi,
3745 2136 4148 2211 eorumdem

1009 2294 1013 2299 ¹
1109 2254 1378 2329 ruinam
1430 2279 1591 2330 mox
1648 2254 2146 2354 deplorandam
2194 2255 2536 2353 praebuit.
2641 2256 2780 2331 Sed
2826 2280 3048 2354 pauca
3095 2253 3266 2331 haec
3316 2254 3549 2344 fuere,
3599 2278 3727 2329 nee
3771 2255 3940 2329 satis
3989 2278 4148 2331 oon-

1106 2373 1380 2462 iuncta3
1453 2375 1565 2450 hic
1632 2375 1769 2449 illie
1830 2374 2097 2473 erupit,
2166 2377 2398 2475 qualia
2441 2376 2644 2451 foedo
2693 2400 2775 2450 eo
2826 2375 3210 2475 dolosoque
3257 2374 3471 2451 cineri
3523 2382 3752 2450 essent
3795 2374 4150 2473 supposita

1108 2494 1397 2593 vestigia
1433 2494 1847 2569 nobilissimi
1904 2496 2094 2583 aevi,
2152 2504 2225 2571 et
2278 2521 2492 2595 quam
2547 2496 2752 2596 longe
2791 2494 3022 2571 cultus
3083 2495 3300 2571 animi
3347 2494 3480 2569 sub
3525 2495 3848 2568 Pnalcnn
3889 2502 3962 2567 et
3999 2493 4146 2566 Au·
4198 2589 4205 2596 ⁹

1109 2635 1375 2702 essm,
1426 2622 1588 2689 ante
1633 2614 2218 2689 Pmnoronunna
2266 2615 2512 2691 saltem
2555 2624 2628 2690 et
2671 2617 3209 2703 Mammium,
3259 2613 3752 2689 somniantium
3797 2612 3936 2687 illis
3977 2614 4144 2687 Ger-

1108 2757 1468 2809 manorum
1519 2704 1945 2832 temporibus
1980 2739 2053 2808 et
2082 2734 2492 2833 depravatae
2535 2734 2776 2811 Italiae
2817 2734 3252 2835 praestiterit.
3355 2733 3499 2808 Sed
3553 2732 3620 2807 vi
3667 2756 3976 2822 caruere,
4023 2758 4148 2807 nec

1107 2854 1376 2927 dudum
1440 2854 1605 2929 satis
1669 2854 2066 2943 valuerunt,
2134 2861 2216 2931 ut
2262 2854 2762 2954 perfringerent
2813 2862 3246 2955 prementem
3302 2852 3710 2928 barbariem.
3813 2852 4146 2951 Require-

1108 2972 1351 3062 batur,
1403 2983 1483 3048 ut
1530 2974 1763 3049 omnia
1810 2982 2320 3065 concurrerent,
2373 2982 2455 3050 ut
2497 2998 2829 3052 numerus
2873 2975 3236 3051 hominum
3288 2972 3774 3058 excellentium
3824 2972 4143 3060 idoneus,

1103 3095 1548 3191 'promoturus
1596 3095 1943 3170 doctrinas
1986 3097 2275 3170 maximi
2321 3096 2693 3184 momenti,
2745 3096 2956 3170 simul
2999 3092 3482 3170 instrumentis
3529 3093 3634 3167 uti
3676 3101 3946 3192 posset,
3995 3092 4146 3192 qui·

1111 3216 1239 3288 bus
1284 3216 1605 3290 annitens
1652 3239 1815 3290 cum
1858 3215 2101 3290 ceteris
2152 3216 2361 3290 etiam
2417 3222 2524 3290 sat
2573 3215 2710 3290 cito
2758 3215 3348 3291 communicarent
3385 3214 3666 3288 inventa
3709 3237 3857 3288 sua.

1204 3334 1454 3431 Neque
1500 3335 1671 3410 haec
1722 3358 1995 3434 semper
2040 3333 2434 3410 defuerunt.
2535 3335 2962 3428 Iamdudum
2989 3339 3392 3434 ⁴serpserant
3432 3332 3715 3409 meliora
3732 3389 3754 3420 ,
3797 3338 3870 3407 et
3913 3332 4148 3408 laetior

1102 3451 1225 3524 lux
1298 3452 1843 3528 subnascebatur
1912 3454 2250 3553 ingeniis3
2331 3454 2587 3529 deinde
2654 3452 2888 3542 licuit,
2951 3477 3092 3552 quo
3155 3478 3282 3554 per
3347 3460 3454 3530 tot
3507 3453 3782 3528 saecula
3835 3459 4148 3528 caruerat

1106 3593 1329 3668 genus
1396 3572 1780 3647 humanum
1802 3630 1822 3660 ‚
1889 3582 1967 3648 ut
2016 3573 2361 3672 quidquid
2408 3574 2671 3649 dictum
2696 3631 2716 3660 ,
2767 3572 3114 3671 quidquid
3162 3573 3500 3673 scriptum
3548 3579 3762 3660 esset,
3810 3570 3886 3645 id
3927 3571 4144 3648 incre·

1109 3687 1395 3762 dibilem
1464 3690 1537 3763 in
1607 3691 1895 3765 modum
1962 3698 2035 3766 et
2099 3718 2468 3768 numerum
2536 3691 2858 3768 facillime
2923 3691 3500 3791 multiplicaretur
3557 3701 3630 3766 et
3691 3691 3766 3766 in
3829 3692 4142 3766 omnium

1110 3833 1359 3884 manus
1426 3809 1845 3907 pei-veniret,
1870 3823 1875 3828 ’
1899 3811 2097 3886 cuius
2148 3811 2373 3886 laudis
2424 3812 2646 3912 patria
2691 3819 2960 3901 nostra,
3013 3819 3095 3886 ut
3136 3811 3518 3888 multarum
3535 3869 3557 3900 ,
3603 3810 3954 3910 egregiam
4007 3809 4142 3886 sibi

1111 3937 1380 4026 partem
1432 3930 1755 4018 vindicat.
1854 3931 2145 4006 Barbari
2190 3932 2496 4031 irrupere
2523 3931 2620 4035 'in
2665 3957 2819 4006 eam
2873 3931 3112 4006 sedem
3129 3989 3150 4020 ‚
3199 3931 3326 4006 ubi
3373 3931 3756 4006 litterarum
3799 3930 4144 4017 doctrina,

1112 4047 1247 4122 sibi
1300 4049 1535 4124 relicta
1581 4074 1709 4126 nee
1753 4075 1915 4126 cum
1963 4074 2195 4125 rerum
2238 4050 2630 4149 cognitione
2679 4059 2752 4124 et
2795 4050 3250 4150 intelligentia
3292 4049 3692 4146 coniuncta,
3741 4049 4142 4148 turpissimo

1108 4166 1299 4242 senio
1366 4168 1725 4250 sordebat:
1789 4178 1947 4246 tum
2004 4172 2257 4245 Musae
2310 4169 2728 4268 Byzantium
2785 4169 3155 4270 fugerunt,
3210 4169 3319 4244 vel
3371 4169 3604 4268 potius
3655 4177 3810 4244 tum
3855 4168 4142 4242 demum

1102 4285 1359 4362 iterum
1421 4287 1671 4364 Musae
1730 4289 1923 4366 fuere
1941 4348 1963 4382 ,
2024 4297 2394 4388 postquam
2443 4289 2860 4388 Byzantium
2908 4289 3286 4364 evasissent
3302 4345 3323 4378 ,
3373 4296 3456 4363 ut
3501 4287 3810 4387 nympha
3855 4285 4142 4362 demum

1104 4405 1443 4503 perfracta
1504 4409 1885 4508 papiliones
1944 4416 2347 4486 naseuntur.
2463 4409 2640 4484 'I'ota
2697 4408 2916 4506 igitur
2977 4411 3257 4508 Europa
3311 4408 3531 4506 sparsi
3583 4413 3751 4494 sunt
3768 4464 3791 4495 ,
3843 4406 3970 4504 qui
4017 4405 4142 4482 has

1108 4525 1371 4600 litteras
1428 4528 1641 4625 probe
1700 4527 2165 4630 intelligerent
2182 4585 2203 4618 ,
2270 4537 2345 4603 et
2401 4529 2858 4626 avidissimos,
2877 4528 3200 4604 invenere
3253 4525 3602 4602 auditores
3620 4584 3642 4615 ,
3691 4549 3994 4624 quorum
4035 4549 4140 4599 se-

1108 4645 1402 4721 veriores
1462 4647 1555 4722 ad
1612 4647 1989 4724 celsissima
2040 4656 2451 4747 argumenta
2507 4646 2857 4737 conversi,
2909 4645 3380 4724 memorabilia
3435 4646 3572 4721 ista
3626 4644 4001 4721 certamina
4053 4645 4142 4720 de

1108 4765 1560 4864 religionibus
1618 4766 1959 4860 excivere,
2026 4791 2205 4867 quae
2254 4768 2461 4845 hodie
2517 4775 2804 4844 eatenus
2856 4768 3098 4846 saltem
3142 4766 3434 4844 referam
3452 4824 3475 4857 ,
3539 4773 3622 4842 ut
3663 4769 4022 4840 revocetur
4067 4765 4140 4838 in
