4766 6034
1258 623 1385 692 136
2415 624 2488 692 B.
2559 645 2727 690 'rsa
2795 623 3156 690 HAAR

1354 833 1465 921 Si,
1519 832 1705 906 hisce
1776 830 2186 920 enucleatis,
2252 831 2420 906 satis
2495 841 2765 908 constat
2807 834 2896 908 de
2940 831 3355 932 Theologiae
3403 830 3691 906 Moralis
3741 830 3972 904 studio
4015 832 4086 906 ad
4122 833 4215 906 Hi·
4301 923 4308 931 ,

1255 953 1537 1028 storiam
1593 951 2145 1027 Ecclesiasticam
2206 951 2386 1027 bene
2454 955 2888 1030 tractandam
2949 962 3160 1053 atque
3209 950 3677 1027 adhibendam
3738 976 3874 1025 usu
3939 960 4005 1025 et
4045 953 4214 1028 fructi-

1254 1073 1389 1148 bus
1416 1115 1535 1173 1-
1590 1097 1785 1172 spem
1846 1097 2011 1171 prae
2060 1097 2173 1146 me
2222 1071 2398 1147 ferre
2444 1072 2641 1161 licet,
2690 1074 2788 1148 A!
2843 1073 2942 1148 Al
3004 1071 3150 1146 fore
3209 1079 3290 1146 ut
3337 1095 3456 1146 vos
3507 1078 3578 1145 et
3615 1094 3802 1145 nunc
3847 1073 4216 1146 assentientes

1253 1194 1551 1269 habeam
1595 1218 1992 1268 asseverans
2045 1201 2257 1293 atque
2310 1195 2574 1269 efficere
2619 1217 2908 1268 conans:
2989 1191 3382 1267 nHistoriae
3422 1191 3940 1268 Ecclesiasticae
3981 1192 4218 1274 studium

1254 1315 1345 1390 ad
1411 1314 1798 1390 doctrinam
1868 1338 2143 1388 morum
2201 1314 2381 1389 bene
2443 1314 2922 1415 explicandam
2981 1321 3052 1387 et
3110 1313 3242 1387 rite
3311 1313 3812 1387 aestimandam
3871 1337 4016 1386 esse
4057 1314 4216 1386 effica-

1249 1435 1478 1510 cissim
1486 1437 1679 1509 um.”
1772 1435 2087 1512 Profecto
2155 1443 2226 1509 et
2289 1434 2401 1510 hic
2467 1435 2633 1510 satis
2703 1436 2886 1510 latus
2947 1433 3110 1510 huic
3171 1433 3466 1509 orationi
3517 1457 3592 1507 se
3639 1433 3942 1526 ostendit
3979 1457 4214 1530 campus.

1243 1558 1357 1630 Ne
1443 1563 1674 1630 tamen
1755 1555 1826 1628 in
1907 1555 2025 1630 illo
2106 1556 2590 1655 perlustrando
2683 1564 2908 1630 vestra
2968 1555 3348 1630 attentione
3367 1614 3386 1644 ,
3463 1552 3839 1653 benignius
3901 1551 4059 1626 mihi
4103 1575 4214 1625 con·

1246 1701 1439 1752 cessa
1455 1735 1475 1764 ,
1528 1675 1726 1750 abuti
1774 1675 2039 1763 videar,
2090 1674 2413 1751 brevitati
2467 1676 2784 1751 studebo,
3487 1773 3515 1778 -

1345 1796 1616 1876 Quanti
1715 1795 2103 1870 Historiam
2190 1795 2479 1895 eiusque
2565 1811 2778 1870 usum
2863 1803 2937 1870 et
3027 1795 3296 1870 fructus
3381 1794 3456 1867 in
3542 1792 3970 1893 Theologicis
4045 1790 4220 1865 feccrit

1247 1919 1775 1992 ROYAARDslus
1796 1976 1817 2006 ‚
1882 1939 2046 1990 cum
2112 1918 2337 1991 omnis
2413 1917 2564 1992 eius
2629 1915 2980 1991 institutio
3041 1916 3302 2016 optime
3349 1914 3761 2001 declaravit,
3825 1923 3978 1988 tum
4019 1913 4140 2011 ipse
4173 1913 4222 1983 in

1252 2038 1583 2112 Oratione
1642 2038 1794 2125 illa,
1862 2061 2073 2135 quam
2150 2036 2514 2112 dimidiato
2586 2037 2858 2113 saeculo
2910 2037 2984 2110 in
3041 2038 3254 2112 finem
3303 2043 3630 2135 vergente
3677 2034 3925 2110 habuit
3944 2092 3962 2122 ‚
4025 2057 4097 2106 ex
4133 2032 4222 2104 hac

1252 2159 1405 2258 ipsa
1470 2157 1817 2233 Cathedra
1872 2157 2187 2232 elocutus
2246 2165 2371 2234 est.
2447 2157 2873 2234 Meministis
2933 2157 3134 2233 illum
3194 2157 3546 2232 Historiae
3607 2156 4018 2256 dignitatem
4059 2153 4222 2226 vindi-

1252 2287 1531 2355 cantem
1584 2289 1795 2377 atque
1838 2279 1988 2353 eius
2037 2279 2618 2378 vituperatoribus
2658 2279 2768 2354 his
2816 2279 3228 2378 respondere
3273 2279 3538 2353 verbis:
3609 2309 3644 2348 n
3657 2278 3897 2353 Audio
3913 2336 3933 2366 ‚
3997 2287 4061 2351 at
4095 2297 4224 2373 quae

1246 2425 1575 2500 reponam
1642 2399 1845 2498 plura
1907 2399 2172 2488 habe03
2243 2425 2464 2474 unum
2531 2400 2712 2475 illud
2767 2424 3044 2499 regero:
3113 2399 3378 2500 absque
3443 2399 3796 2474 Historiae
3853 2424 3982 2498 ope
4021 2397 4226 2472 nullam

1246 2522 1444 2597 facile
1518 2520 1956 2619 disciplinam
2020 2527 2203 2595 recte
2271 2519 2693 2619 pertractari.
2787 2519 3102 2594 Historia
3159 2520 3379 2596 facem
3441 2520 3739 2620 praefert
3787 2519 4064 2619 singulis
4106 2539 4224 2590 sane

1245 2641 1629 2742 disciplinis
1678 2641 2149 2740 Theologicis3
2210 2641 2397 2716 illius
2444 2641 2580 2716 nisi
2627 2641 2965 2718 auxilium
3014 2641 3462 2741 imploremus
3479 2699 3500 2730 ,
3543 2641 3736 2714 nulla
3774 2641 3906 2715 rite
3945 2639 4225 2715 excolatur

1132 2771 1137 2776 ’
1246 2761 1622 2860 Theologia
1692 2785 1848 2835 vere
1898 2761 2222 2838 liberalis.
2321 2762 2520 2837 Haec
2562 2762 2863 2837 illustrat
2908 2786 3188 2838 omnem
3234 2762 3435 2837 illum
3485 2749 3725 2836 orbem
3775 2759 4224 2859 Theologicum.

1244 2882 1443 2956 Haec
1511 2881 1895 2958 cavendum
1965 2883 2165 2957 docet
2240 2882 2330 2958 ab
2412 2879 2796 2973 erroribus,
2866 2881 3124 2982 quibus
3183 2882 3554 2981 indulgent
3608 2881 4124 2981 dogmatisantes
4174 2885 4225 2947 et

1245 3003 1809 3104 philosophantes
1892 3004 2447 3105 contemplando,
2571 3004 2768 3080 Haec
2851 3004 2924 3080 in
3001 3005 3260 3080 iustam
3320 3017 3449 3079 nos
3507 3003 3702 3079 ducit
3767 3002 3967 3080 viam.
4076 3000 4226 3075 Haec

1242 3124 1571 3200 hodierna
1616 3132 1686 3199 et
1736 3124 1974 3211 futura
2012 3152 2055 3201 a
2099 3124 2485 3225 praeteritis
2527 3125 2758 3200 divelli
2800 3149 2937 3200 non
2977 3150 3178 3225 posse
3197 3184 3216 3215 ‚
3272 3122 3532 3225 quippe
3581 3150 3620 3199 e
3665 3125 4039 3199 seminibus
4073 3130 4226 3196 antea

1244 3246 1497 3345 sparsis
1555 3247 1823 3321 fructus
1888 3270 2038 3320 esse
2103 3254 2289 3323 ortos
2307 3306 2326 3334 ,
2391 3270 2566 3346 quos
2630 3246 2832 3341 hodie
2895 3246 3542 3334 animadvertimus,
3605 3248 3780 3322 serio
3836 3246 4114 3321 monet.'’
4154 3282 4224 3301 -

1248 3368 1363 3441 Ita
1420 3366 1973 3441 RorAARnsrns.
2093 3368 2187 3440 Et
2268 3368 2460 3465 quod
2537 3366 2640 3440 vir
2714 3366 2829 3440 ille
2905 3365 3228 3466 egregius
3299 3366 3386 3440 de
3457 3366 3834 3467 Theologia
3903 3363 4220 3445 Historias,

1243 3510 1331 3560 ex
1398 3486 1711 3565 omnuim
1778 3511 2163 3575 consensu,
2236 3512 2448 3587 penes
2514 3511 2688 3586 quos
2755 3486 2883 3561 hac
2955 3488 3043 3561 de
3111 3511 3186 3561 re
3245 3487 3584 3563 iudicium
3649 3497 3796 3577 est,
3861 3513 4010 3562 vere
4055 3482 4220 3565 dixit,

1247 3606 1323 3679 id
1392 3607 1479 3679 de
1542 3607 1895 3681 Historiae
1967 3608 2040 3682 in
2113 3603 2392 3683 morum
2453 3607 2764 3682 doctrina
2827 3608 3234 3707 explicanda
3303 3616 3513 3707 atque
3581 3608 3988 3685 illustranda
4039 3600 4220 3679 multi-

1247 3725 1427 3825 plice
1490 3736 1561 3800 et
1625 3726 1810 3801 vario
1882 3752 2020 3803 usu
2083 3729 2434 3803 verissime
2495 3728 2874 3827 praedicari
2936 3754 3139 3828 posse
3199 3728 3522 3817 arbitron
3588 3737 3668 3803 ut
3709 3729 3878 3805 inde
3925 3728 4218 3827 appareat,

1248 3846 1598 3944 quomodo
1656 3846 1969 3921 notiones
2024 3851 2314 3924 morales
2334 3907 2353 3938 ,
2415 3874 2594 3948 quae
2661 3850 3010 3925 humanae
3056 3858 3344 3926 naturae
3397 3850 3730 3925 divinitus
3781 3856 3946 3925 sunt
3981 3844 4216 3925 inditae,

1247 3990 1385 4063 pro¹
1450 3966 1634 4041 varia
1716 3974 2108 4066 temporum
2182 3975 2253 4041 et
2336 3968 2752 4067 populorum
2839 3968 3070 4042 indole
3152 3994 3300 4043 sese
3369 3970 3850 4059 formaverint,
3918 3972 3982 4043 in
4043 3972 4215 4039 matu-

1248 4086 1524 4161 ritatem
1618 4086 1841 4185 magis
1925 4086 2291 4186 magisque
2375 4087 2826 4177 adoleverint,
2909 4088 3126 4163 donec
3205 4090 3554 4189 religionis
3638 4072 4051 4165 Christianae
4113 4105 4216 4180 ope

1242 4205 1679 4305 perfectionis
1775 4207 1988 4281 veluti
2074 4208 2352 4281 culmen
2439 4208 2878 4307 attingerent.
3009 4210 3223 4287 Quod
3315 4235 3480 4287 cum
3565 4212 3745 4286 bene
3823 4211 4212 4313 perspicerent

1242 4326 1639 4415 Wn‘rTmS,
1726 4326 2244 4415 Scnwimzms,
2324 4325 2480 4417 alii,
2560 4328 2634 4401 in
2714 4327 2846 4403 hac
2929 4328 3290 4428 disciplina
3369 4332 3778 4430 exponenda
3828 4320 4210 4409 'Historicam

1241 4447 1643 4545 praesertim
1704 4447 1888 4521 viam
1944 4454 2016 4521 et
2066 4448 2405 4523 rationem
2465 4472 2614 4523 esse
2663 4447 3042 4524 ineundam
3087 4450 3404 4548 exemplo
3451 4476 3580 4527 suo
3629 4452 4026 4550 probarunt,
4064 4446 4209 4521 aliis·

1240 4590 1377 4663 que
1424 4565 2017 4641 commendarunt.
3797 4580 3804 4589 '

1340 4682 1467 4757 Uti
1532 4694 1767 4759 autem
1829 4684 2117 4760 aliarum
2184 4686 2634 4787 Religionum
2698 4688 3000 4793 cognitio
3059 4691 3336 4790 egregie
3393 4716 3476 4766 eo
3525 4695 3702 4769 valet
3717 4755 3738 4785 ‚
3805 4708 3884 4772 ut
3926 4692 4206 4796 praeclara

1242 4804 1609 4904 Euangelii
1673 4803 1941 4880 indoles
2004 4813 2075 4880 et
2141 4807 2346 4906 plane
2409 4807 2776 4909 singularis
2839 4807 3272 4886 Christianae
3335 4812 3617 4890 Ethices
3667 4815 4050 4915 praestantia
4085 4810 4206 4884 sole
