4766 6034
1148 620 1278 685 140
2302 618 2374 684 B.
2446 637 2612 682 rsa
2682 618 3039 683 HAAR

1147 829 1380 927 ipsum
1459 825 1992 900 fundamentum
2010 882 2029 910 ,
2100 849 2242 920 quo
2292 825 2541 899 nititur
2608 825 2882 925 Religio
2965 823 3357 900 Christiana
3378 881 3399 910 ,
3470 825 3822 900 nonnullis
3870 827 4169 902 vacillare

1149 948 1484 1021 videatur.
1513 990 1614 1006 —-
1640 944 2010 1044 Euangelii
2039 944 2421 1018 Historiam
2443 1004 2463 1032 ,
2492 947 2551 1018 si
2576 946 3083 1032 Sraausznm,
3112 945 3701 1020 annamcmuu
3722 1005 3743 1033 ,
3764 946 4171 1021 Baunoun

1143 1069 1518 1142 BAunmm
1573 1066 1854 1154 audias,
1906 1064 2013 1139 vel
2061 1090 2408 1163 nugarum
2452 1074 2525 1139 et
2570 1064 2963 1140 fabularum
3008 1090 3157 1139 esse
3204 1065 3522 1164 plenam,
3573 1065 3835 1164 quibus
3884 1093 3977 1142 ne
4026 1091 4169 1140 mu-

1139 1187 1457 1262 lierculae
1525 1195 1596 1261 et
1663 1187 1939 1286 pueruli
1992 1185 2278 1283 quidem
2327 1185 2612 1260 credant
2635 1244 2654 1272 ‚
2708 1187 2815 1259 vel
2862 1186 3107 1260 saltem
3166 1211 3211 1270 a
3262 1185 3651 1260 carceribus
3692 1187 3859 1261 inde
3904 1187 3997 1262 ad
4046 1187 4173 1262 cal·

1138 1332 1292 1381 cem
1346 1307 1606 1406 mythis
1659 1331 1808 1380 esse
1862 1305 2356 1380 accensendam
2377 1363 2397 1392 ,
2459 1305 2618 1402 quis
2654 1305 2927 1379 nescit?
2999 1306 3188 1395 Quos
3236 1305 3297 1377 si
3342 1305 3523 1379 forte
3568 1331 3653 1380 eo
3694 1306 3933 1380 minus
3974 1306 4173 1381 refor-

1139 1427 1506 1502 midandos
1553 1451 1702 1501 esse
1749 1426 2100 1499 existimes
2122 1483 2142 1512 ‚
2193 1449 2332 1522 quo
2377 1426 2633 1498 maiore
2677 1425 3119 1524 protervitate
3158 1433 3369 1522 atque
3396 1426 3688 1501 audacia
3712 1426 3789 1500 in
3816 1426 4175 1524 Euangelii

1139 1548 1498 1621 veritatem
1563 1555 1633 1620 et
1701 1547 1916 1620 fidem
1973 1545 2397 1619 Historicam
2466 1545 2607 1617 sint
2673 1544 3007 1644 grassati:
3081 1569 3239 1618 ecce
3308 1545 3427 1620 alii
3444 1605 3465 1633 ,
3548 1546 3740 1620 haud
3816 1545 4175 1644 spernendi

1137 1668 1472 1765 Theologi
1496 1727 1516 1754 ,
1575 1693 1616 1742 e
1687 1665 2120 1765 'I'ubingensi
2186 1665 2417 1739 schola
2476 1663 2767 1764 profecti
2810 1665 2885 1738 in
2931 1664 3151 1738 aciem
3198 1665 3776 1764 progrediuntur,
3826 1665 3952 1764 qui
3996 1665 4173 1764 Apo-

1140 1787 1452 1862 stolicam
1469 1845 1488 1874 ‚
1561 1808 1756 1884 quae·
1786 1784 2040 1859 dicitur
2057 1845 2077 1873 ‚
2127 1791 2427 1858 aetatem
2479 1785 2624 1858 suis
2670 1786 2880 1859 armis
2929 1785 3240 1883 aggressi
3288 1785 3431 1860 iam
3474 1785 3861 1862 Historiam
3906 1810 4177 1884 quoque

1137 1907 1692 1982 Ecclesiasticam
1743 1905 1832 1980 ab
1879 1907 2030 1979 eius
2083 1905 2476 2003 primordiis
2528 1906 2759 1979 denuo
2804 1905 3341 1980 construendam
3391 1913 3603 2002 atque
3650 1906 3743 1980 ad
3788 1907 3997 1982 aliam
4040 1914 4177 1980 tru-

1139 2029 1362 2101 tinam
1407 2026 1938 2101 examinandam
1987 2015 2136 2098 esse
2191 2025 2510 2100 clamant.
2612 2027 2707 2098 Et
2752 2049 3155 2124 quanquam
3200 2025 3637 2123 Religionem
3674 2026 4177 2116 Christianam,

1138 2171 1318 2245 quae
1380 2147 1470 2220 ab
1531 2145 1988 2220 acerbissimis
2055 2145 2374 2220 hostibus
2432 2145 2651 2243 petita
2723 2169 2764 2218 e
2826 2155 2932 2218 tot
2994 2145 3253 2244 pugnis
3310 2153 3381 2218 et
3435 2144 3709 2244 praeliis
3752 2146 3997 2222 victrix
4044 2146 4177 2220 dis·

1136 2268 1384 2353 cessit,
1451 2266 1528 2340 in
1599 2265 1728 2340 hoc
1789 2290 2066 2365 quoque
2117 2265 2491 2340 certamine
2516 2323 2537 2352 ‚
2588 2263 2866 2338 Christo
2914 2265 3317 2339 moderante
3370 2265 3569 2365 Rege
3590 2325 3611 2356 ,
3662 2267 3923 2342 salvam
3972 2276 4177 2367 atque

1135 2386 1555 2461 incolumem
1620 2386 1768 2460 fore
1839 2410 1965 2484 pro
2029 2392 2216 2460 certo
2262 2385 2487 2459 habeo
2540 2396 2613 2458 et
2661 2384 2969 2458 confido:
3037 2385 3111 2457 in
3160 2408 3243 2458 eo
3290 2393 3524 2460 tamen
3551 2444 3572 2475 ,
3622 2387 3683 2460 si
3722 2387 3897 2485 quid
3944 2388 4175 2476 video,

1138 2531 1380 2581 omnes
1419 2507 1851 2581 consentient
1894 2505 2373 2605 prudentiores
2394 2564 2413 2593 ‚
2464 2504 2849 2580 coniunctis
2886 2502 3147 2577 viribus
3190 2515 3403 2604 atque
3442 2507 3653 2582 armis
3690 2506 3919 2606 ipsam
3949 2509 4176 2583 Euan-

1136 2627 1304 2726 gelii
1369 2651 1597 2701 arcem
1649 2651 1798 2700 esse
1855 2625 2385 2701 defendendam.
2484 2629 2586 2699 At
2639 2625 2867 2698 videte
2912 2624 3277 2700 hominum
3327 2627 3749 2702 dementiam
3798 2628 3909 2703 vel
3962 2653 4174 2703 socor-

1137 2755 1368 2827 diam!
1440 2753 1629 2830 Dum
1672 2753 1782 2827 his
1825 2753 2080 2827 nostris
2121 2751 2370 2827 diebus
2412 2752 2839 2827 extrinsecus
2882 2751 3191 2825 hostium
3230 2750 3511 2850 agmina
3550 2749 3927 2849 ingruunt3
3972 2750 4173 2837 dum,

1147 2898 1186 2945 e
1251 2873 1633 2950 multorum
1705 2875 2046 2949 sententia
2071 2933 2091 2961 ,
2161 2873 2403 2948 servile
2468 2870 2915 2946 Hierarchiae
2976 2870 3333 2945 Romanae
3400 2871 3653 2970 iugum
3708 2869 3897 2944 haud
3948 2870 4173 2944 minus

1137 2993 1730 3071 extimescendum
1774 2995 2099 3095 Europae
2139 2993 2417 3094 populis
2465 3000 2537 3066 et
2585 2992 2894 3067 societati
2944 2989 3377 3065 Christianae
3410 2987 3730 3065 imminet
3762 3033 3869 3051 —-
3908 2990 4172 3067 Protes-

1133 3122 1362 3189 tantes
1438 3115 1638 3189 velut
1675 3115 2108 3190 iOadmaeos
2183 3115 2429 3189 fratres
2497 3114 2572 3186 in
2640 3137 2766 3188 sua
2836 3112 3093 3187 viscera
3156 3111 3535 3186 saevientes
3578 3110 3931 3199 videmus,
3994 3135 4073 3186 ac
4120 3111 4175 3183 si

1130 3260 1412 3334 prorsus
1445 3237 1885 3311 immemores
1925 3245 2159 3310 essent
2192 3234 2382 3308 illius
2425 3233 2593 3308 dieti
2616 3292 2637 3321 ‚
2660 3232 2851 3331 quod
2874 3232 3355 3306 Sramsnaun
3390 3230 3699 3307 Hosnm
3718 3291 3739 3320 ,
3768 3232 4169 3306 acerrimum

1137 3357 1587 3432 Hierarchiae
1639 3358 1997 3431 Romanae
2048 3361 2633 3455 propugnatorem
2683 3352 3069 3452 prodidisse
3128 3351 3467 3451 legimus;
3540 3352 3861 3427 nBellum
3914 3352 4167 3426 Haere-

1139 3478 1435 3552 tieorum
1481 3501 1620 3576 pax
1668 3485 1776 3552 est
1825 3476 2210 3551 Ecclesiae!
2261 3518 2362 3533 —
2418 3474 2791 3549 Mordeant
2852 3482 2923 3547 et
2976 3472 3347 3548 comedant
3420 3496 3495 3546 se
3564 3472 3859 3547 invicem
3882 3531 3904 3562 ,
3966 3481 4050 3546 ut
4092 3496 4167 3546 eo

1131 3596 1340 3670 citius
1375 3622 1418 3671 a
1459 3622 1536 3670 se
1578 3596 1876 3671 invicem
1925 3604 2425 3671 consumantur
2446 3597 2513 3670 !''
2576 3636 2679 3653 —
2745 3594 2952 3684 Quod
3016 3618 3179 3669 eum
3242 3593 3517 3693 saepius
3564 3616 3843 3668 mecum
3886 3600 4164 3691 repnte,
4252 3614 4263 3631 ³

1129 3718 1220 3789 A.
1287 3715 1394 3789 A!
1462 3715 2101 3815 Hierosolymorum
2169 3718 2312 3791 fere
2367 3722 2929 3815 oppugnatorum
2997 3724 3071 3788 et
3126 3712 3523 3788 Zelotarum
3568 3712 3760 3787 intus
3800 3713 3987 3787 inter
4028 3736 4165 3787 sese

1131 3833 1666 3932 digladiantium
1711 3834 1940 3911 furore
1989 3842 2417 3911 vastatorum
2468 3833 2864 3907 tristissima
2916 3833 3091 3907 mihi
3138 3832 3487 3907 obversari
3541 3832 3713 3908 solet
3756 3834 4013 3933 imago.
4082 3834 4161 3905 In

1128 3952 1352 4052 patria
1415 3962 1650 4030 nostra
1713 3954 2189 4031 acerbissimas
2251 3954 2410 4027 lites
2475 3954 2901 4052 dogmaticas
2919 4013 2939 4042 ‚
2988 3979 3209 4054 paene
3252 3954 3593 4030 extinctas
3636 3964 3711 4028 et
3760 3955 4119 4030 suffocatas
4139 4011 4159 4041 ‚

1129 4073 1360 4149 denuo
1411 4075 1748 4150 exarsisse
1797 4075 2032 4151 animo
2079 4074 2414 4150 dolemus.
2515 4074 2611 4147 Et
2656 4072 2955 4171 quisque
2999 4098 3231 4151 veram
3273 4076 3536 4175 patriae
3574 4084 3787 4177 atque
3826 4076 4161 4151 Ecclesiae

1129 4193 1424 4269 salutem
1489 4219 1737 4269 curans
1801 4194 2244 4269 acerbissimo
2309 4191 2565 4268 doloris
2618 4218 2829 4267 sensu
2886 4219 3027 4269 non
3080 4192 3259 4271 affici
3310 4221 3449 4272 non
3496 4205 3727 4295 potest
3746 4256 3767 4285 ,
3817 4197 4060 4271 videns
4098 4206 4162 4269 et

1125 4314 1438 4413 cogitans
1457 4372 1479 4403 ,
1537 4322 1876 4413 tanquam
1927 4337 2178 4388 navem
2229 4312 2651 4389 turbulentis
2704 4314 2780 4387 in
2830 4316 3040 4391 undis
3061 4376 3082 4404 ,
3128 4316 3231 4389 ita
3278 4316 3636 4392 discordiis
3684 4325 3758 4391 et
3806 4317 4159 4391 vehemen-

1130 4434 1418 4507 tissimis
1477 4433 1886 4532 opinionum
1951 4432 2026 4506 in
2065 4430 2431 4509 ‘contraria
2476 4434 2829 4509 ruentium
2873 4434 3203 4511 fiuctibus
3250 4450 3649 4535 quassatam
3694 4444 3906 4537 atque
3952 4437 4157 4537 agita·

1125 4563 1274 4629 tam
1334 4552 1512 4628 hanc
1577 4561 1885 4628 nostram
1947 4552 2348 4628 Ecclesiam.
2472 4555 2627 4629 Iam
2690 4579 2849 4629 vero
2918 4556 2978 4629 si
3046 4557 3425 4653 quaeritur,
3488 4558 3677 4633 unde
3750 4558 4157 4657 aegrotantis

1123 4672 1470 4747 Ecclesiae
1535 4674 1801 4747 sanatio
1865 4672 2330 4771 exspectanda
2381 4674 2511 4761 sit,
2580 4675 2688 4748 vel
2734 4700 3077 4773 quaenam
3122 4684 3225 4752 tot
3272 4678 3473 4753 malis
3516 4685 3589 4752 et
3632 4678 3895 4754 morbis
3938 4678 4156 4779 ingra-

1125 4780 1562 4867 vescentibus
1615 4792 1922 4869 remedia
1987 4793 2128 4867 sint
2189 4792 2539 4873 afferenda
2556 4852 2576 4881 ,
2646 4794 2901 4871 iterum
2964 4795 3039 4872 in
3110 4796 3412 4874 diversas
3476 4806 3706 4898 partes
3726 4858 3747 4889 ,
3813 4798 4029 4875 veluti
4090 4797 4157 4871 in
