4766 6034
1861 642 2422 714 ORATIO.
3575 650 3661 719 91

619 851 804 920 tatae
818 903 838 933 ,
899 846 974 922 in
1028 847 1270 948 primis
1327 847 1735 924 detestabile
1788 850 1967 925 illud
2021 854 2262 929 bellum
2307 857 2906 930 sacramentarium
2929 912 2949 944 ,
3004 855 3436 932 lutherum
3480 857 3662 933 inter

615 972 688 1039 et
731 966 1172 1060 Reformatoe
1212 975 1490 1068 gestum
1513 1026 1534 1057 ,
1590 992 1730 1067 quo
1779 972 1926 1047 suis
1972 972 2109 1072 ipsi
2154 974 2365 1050 rebus
2426 975 2621 1051 valde
2676 957 3101 1066 nocuerunt,
3151 1000 3363 1078 seque
3407 986 3658 1053 mutuo

613 1085 1030 1163 devorarunt
1053 1147 1074 1177 ,
1121 1088 1304 1165 rixas
1347 1095 1632 1188 agentes
1651 1147 1670 1177 ‚
1727 1088 1800 1163 in
1847 1090 2005 1165 lixis
2062 1098 2135 1164 et
2185 1092 2544 1169 calonibus
2589 1093 2708 1168 vix
2756 1092 3075 1175 ferendas
3102 1095 3258 1188 ¹⁸⁴).
3364 1096 3655 1178 Testan-

611 1216 732 1281 tur
795 1206 982 1285 idem
1060 1208 1522 1291 dissensiones
1567 1218 1638 1285 et
1684 1209 2084 1287 inimicitiae
2107 1269 2130 1301 ,
2198 1236 2378 1311 quae
2428 1220 2663 1291 nostra
2710 1213 2785 1289 in
2831 1215 3055 1313 patria
3098 1215 3657 1293 Remonstrantes

609 1324 792 1401 inter
847 1335 920 1401 et
1000 1328 1806 1407 Contra-remmtrantee
1822 1387 1843 1418 ,
1908 1338 2103 1407 tanta
2173 1332 2530 1411 atrocitate
2585 1340 2920 1433 tantaque
2960 1334 3178 1411 animi
3221 1334 3653 1411 vehementia

609 1454 804 1521 actae
873 1456 1074 1537 sunt,
1133 1473 1216 1524 ac
1275 1449 1337 1523 si
1399 1474 1486 1523 ex
1556 1449 1962 1525 abstrusiori
2032 1452 2336 1551 quodam
2402 1454 2728 1553 dogmate
2750 1512 2771 1543 ,
2837 1455 2925 1531 de
2986 1479 3131 1553 quo
3166 1454 3241 1528 in
3282 1462 3651 1554 utramque

607 1574 878 1665 partem
924 1567 1372 1666 probabiliter
1409 1578 1645 1668 posset
1697 1570 2038 1669 disputari
2057 1632 2078 1661 ,
2138 1574 2245 1648 vel
2299 1581 2581 1673 accepto
2626 1574 2735 1649 vel
2777 1575 3028 1651 reiecto
3050 1633 3071 1663 ,
3114 1582 3393 1653 aeterna
3426 1575 3649 1652 homi-

605 1712 780 1761 num
847 1688 1034 1763 salus
1086 1689 1436 1788 penderet.
1537 1690 1990 1790 Retrogressa
2049 1692 2266 1791 igitur
2315 1700 2423 1769 est
2476 1700 2771 1793 utraque
2818 1694 3125 1785 Ecclesia
3150 1752 3170 1784 ,
3245 1695 3647 1771 Lutkerana

605 1815 681 1881 et
735 1807 1148 1904 Beformata
1203 1810 1279 1884 in
1331 1834 1414 1885 eo
1432 1867 1453 1899 ,
1506 1810 1696 1910 quod
1734 1811 1901 1887 fidei
1949 1812 2336 1890 doctrinam
2379 1813 2567 1889 iusto
2612 1815 2871 1890 maiore
2918 1816 3351 1893 accuratione
3394 1816 3648 1893 descri-

603 1926 772 2001 bere
819 1928 1110 2003 voluerit
1125 1988 1144 2018 ‚
1192 1928 1630 2029 nimiumque
1679 1956 1846 2009 suae
1889 1932 2334 2032 descriptioni
2369 1933 2691 2008 statuerit
2721 1934 3025 2035 pretium
3044 1995 3064 2025 ,
3097 1938 3322 2034 quum
3360 1936 3646 2034 dogma-

601 2055 762 2123 tum
810 2048 1446 2150 interpretationem
1495 2051 1738 2127 eodem
1786 2052 1934 2129 loco
1955 2111 1978 2143 ,
2029 2060 2238 2151 atque
2287 2051 2441 2150 ipsa
2492 2053 2659 2128 fidei
2709 2054 3142 2131 Christianae
3182 2053 3435 2153 placita
3450 2112 3470 2143 ‚
3526 2054 3650 2128 ba·
3684 2120 3695 2129 .

601 2166 819 2243 beret.
923 2169 1067 2245 Sed
1126 2195 1516 2271 numquam
1577 2196 1661 2247 eo
1724 2196 1948 2271 usque
2021 2180 2455 2273 retrogressa,
2496 2178 2636 2261 est,
2707 2182 2787 2249 ut
2856 2177 3143 2253 indolem
3210 2175 3423 2253 etiam
3483 2174 3651 2250 fidei

597 2310 919 2384 perverse
994 2314 1272 2388 prorsus
1341 2299 1714 2391 exponeret
1739 2294 1894 2383 ¹²³⁴⁵).
1998 2293 2146 2392 Ipsi
2223 2292 2418 2371 adeo,
2475 2280 2988 2371 Balionalietae
3007 2352 3028 2382 ,
3094 2295 3229 2369 etsi
3296 2295 3371 2369 in
3438 2320 3647 2394 expo-

597 2408 836 2483 nendo
899 2408 1068 2484 fidei
1123 2410 1394 2487 obiecto
1453 2438 1496 2489 a
1568 2437 1920 2489 sacrorum
1986 2412 2582 2489 Instauratoribus
2658 2414 2865 2513 longe
2945 2413 3433 2503 discedebant,
3506 2414 3649 2489 vim

595 2536 839 2604 tamen
885 2528 1036 2605 eius
1091 2532 1424 2608 moralem
1467 2539 1747 2609 strenue
1779 2532 2239 2609 vindicarunt.
2313 2533 2519 2609 Valet
2558 2534 2688 2609 hoc
2732 2534 2821 2611 de
2861 2534 3467 2615 Wncscnnmnno
3490 2533 3657 2626 ¹⁸⁰).'

593 2647 807 2723 Valet
857 2648 1080 2750 magis
1139 2651 1350 2727 etiam
1416 2653 1506 2729 de
1571 2654 2245 2731 Bnmscnnmnnao
2271 2712 2291 2743 ‚
2361 2655 2625 2756 quippe
2664 2656 2790 2754 qui
2835 2656 2910 2731 in
2955 2656 3103 2733 loco
3149 2656 3238 2733 de
3284 2657 3651 2757 παλιγγε-

519 2810 542 2820 -
596 2772 825 2870 νεσίᾳ
839 2822 864 2861 ,
909 2769 998 2847 de
1040 2771 1182 2847 fide
1231 2780 1398 2872 agat
1439 2796 1732 2909 eamque
1781 2775 1879 2850 sic
1932 2774 2317 2863 describat,
2377 2782 2463 2851 ut
2514 2776 2771 2854 mentis
2826 2777 3111 2877 quidem
3164 2776 3518 2877 persuasio
3570 2777 3649 2851 in

593 2916 684 2965 ea
727 2898 1015 2989 regnet,
1091 2892 1214 2970 sed
1258 2893 1474 2969 animi
1517 2894 1728 2971 etiam
1774 2895 2079 2973 assensio
2121 2920 2202 2971 ac
2255 2895 2580 2973 fiducia
2558 2921 2635 2971 ιιι
2682 2897 3015 2973 Cnmsro
3064 2898 3501 2999 reponenda,
3564 2922 3649 2972 ea

593 3012 1084 3089 contineantur
1109 3014 1263 3108 1¹³⁷).
1364 3016 1617 3114 Neque
1675 3025 1782 3092 est
1849 3015 2040 3122 quod
2089 3016 2459 3106 miremur,
2528 3016 3361 3108 Sennnmamonnanu,
3418 3017 3647 3094 virum

591 3134 856 3234 pietate
911 3159 1133 3270 aeque
1179 3160 1260 3210 ae
1311 3132 1576 3235 ingenii
1621 3135 1941 3212 acumine
1988 3136 2387 3235 insignem,
2450 3137 2525 3212 in
2568 3137 2840 3225 animo,
2898 3136 2975 3210 in
3024 3160 3237 3212 sensu
3282 3144 3354 3212 et
3402 3136 3642 3212 volun·

591 3261 740 3328 tate
791 3254 1139 3355 propriam
1188 3255 1354 3331 fidei
1409 3256 1650 3332 sedem
1695 3257 2055 3356 posuisse,
2117 3257 2276 3333 licet
2320 3255 2394 3332 in
2444 3255 2839 3334 definiendo
2889 3256 3056 3332 fidei
3102 3255 3373 3333 obiecto
3417 3282 3462 3333 a
3503 3257 3644 3331 Re-

589 3374 1086 3452 formatoribus
1157 3375 1444 3453 abierit:
1521 3376 1782 3476 quippe
1846 3376 2037 3477 quod
2109 3375 2184 3452 in
2247 3376 2565 3452 Cnms'rr
2610 3378 3043 3476 perfectione
3106 3384 3179 3452 et
3231 3378 3647 3452 beatitudine

589 3496 788 3572 cerni
848 3502 1112 3572 statuat
1131 3556 1154 3587 ‚
1221 3496 1436 3573 fidem
1496 3497 1734 3574 dicens
1787 3495 2003 3572 animi
2049 3503 2286 3573 actum
2310 3555 2333 3586 ,
2390 3496 2499 3573 vel
2544 3496 3015 3572 conditionem
3034 3554 3055 3586 ,
3100 3521 3243 3596 qua
3284 3495 3643 3596 perfectio-

588 3618 708 3692 nis
767 3625 838 3692 et
887 3616 1342 3694 beatitudinis
1387 3617 1702 3692 Cnms‘n
1744 3616 2114 3717 participes
2157 3618 2411 3693 fiamus
2437 3618 2593 3710 ι38).
2700 3618 2839 3692 Sed
2882 3617 3056 3716 quid
3102 3625 3209 3692 est
3258 3616 3449 3716 quod
3486 3616 3643 3716 plu-

589 3763 710 3814 res
773 3741 1362 3816 commemorem?
1439 3740 1716 3813 ·Nostro
1779 3737 1967 3814 enim
2016 3745 2328 3839 tempore
2383 3739 2577 3814 haud
2620 3737 2823 3814 facile
2868 3738 3026 3837 quis
3076 3737 3373 3826 dixerit,
3406 3736 3647 3812 fidem

587 3883 741 3933 una
798 3859 1052 3934 mentis
1107 3859 1548 3960 persuasione
1615 3857 1917 3948 absolvi;
1982 3859 2106 3934 sed
2165 3859 2257 3936 ad
2305 3859 2623 3935 animum
2666 3859 2877 3934 etiam
2895 3916 2918 3949 ‚
2976 3867 3049 3934 et
3104 3859 3197 3934 ad
3253 3857 3441 3934 hunc
3488 3856 3643 3957 qui·

589 3980 762 4055 dem
805 3981 1210 4078 praesertim
1231 4039 1252 4069 ,
1301 3979 1732 4057 referendam
1779 4003 1934 4056 eam
1976 4005 2128 4056 esse
2172 4004 2418 4056 omnes
2467 3979 2858 4056 concedunt
2898 3985 2971 4054 et
3022 3978 3456 4054 contendunt
3482 3977 3638 4070 ¹⁸⁰).

697 4338 963 4414 Verum
1030 4340 1217 4416 enim
1273 4364 1434 4415 vero
1487 4339 1576 4413 de
1620 4340 1874 4438 objecto
1923 4338 2090 4414 fidei
2133 4337 2193 4412 si
2235 4337 2511 4436 quaeris
2530 4396 2553 4427 ‚
2610 4337 2685 4412 in
2731 4338 3033 4412 diversas
3077 4337 3340 4412 abeunt
3404 4341 3637 4435 partes

585 4465 670 4532 et
713 4459 1047 4559 Theologi
1066 4519 1088 4548 ,
1150 4459 1222 4534 et
1269 4459 1586 4534 universe
1635 4458 2516 4534 Christiani-Protestantes
2535 4513 2556 4546 ,
2618 4481 2780 4532 cum
2818 4458 3201 4532 Datherani
3215 4513 3235 4544 ,
3296 4463 3451 4531 tum
3494 4456 3637 4530 Re-

567 4583 883 4678 formati
897 4615 922 4656 .-
960 4581 1151 4680 quod
1199 4580 1286 4656 et·
1315 4580 1390 4656 in
1431 4580 1585 4656 aliis
1627 4579 2027 4680 regionibus
2047 4637 2066 4667 ‚
2120 4578 2192 4653 et
2229 4601 2389 4653 vero
2431 4575 2641 4653 etiam
2664 4577 2739 4651 in
2764 4576 2917 4676 ipsa
2940 4574 3163 4677 patria
3185 4581 3425 4650 nostra
3453 4574 3637 4650 vide-

581 4725 759 4778 mus
813 4709 886 4776 et
936 4702 1348 4801 experimur.
1449 4701 1827 4779 Quaeritur
1869 4700 2086 4802 igitur
2104 4757 2124 4789 ,
2175 4723 2391 4799 quam
2440 4697 2624 4774 viam
2674 4698 2947 4798 ingredi
2990 4722 3118 4773 nos
3162 4703 3515 4798 oporteat,
3560 4702 3643 4770 ut

583 4820 1242 4900 vehementissimae
1287 4824 1462 4900 istae
1511 4820 1986 4899 contentiones
2037 4820 2333 4920 litesque
2381 4827 2905 4920 componantur.
3214 4937 3255 4982 a

3110 4941 3201 5012 12
