4766 6034
1961 625 2514 698 ORATIO.
3668 629 3757 698 45

725 851 988 946 spectat
1045 841 1408 940 disciplina
1427 897 1446 928 ‚
1507 838 1874 914 immemor
1919 840 2047 928 sit;
2099 841 2395 916 alterum
2417 897 2438 928 ‚
2488 846 2607 930 ut,
2656 863 2834 938 quae
2880 839 3097 915 varias
3148 840 3329 915 inter
3370 840 3754 940 theologiae

723 975 954 1066 partes
999 960 1400 1048 intercedit,
1449 957 1662 1058 probe
1710 967 2140 1058 perspectam
2191 960 2447 1035 habeat
2490 959 3090 1036 necessitudinem.

820 1085 1020 1162 Haec
1083 1105 1360 1156 mecum
1429 1087 1760 1178 reputans
1781 1136 1802 1167 ‚
1863 1081 2019 1155 AA.
2046 1138 2067 1169 ‚
2136 1104 2357 1179 quum
2396 1077 2571 1154 mihi
2592 1137 2613 1170 ‚
2662 1079 2879 1179 Regis
2929 1080 3436 1180 Augustissimi
3482 1080 3758 1154 decreto

725 1207 813 1280 ad
881 1201 1492 1278 extraordinariam
1551 1199 1936 1298 theologiae
2003 1200 2497 1298 professionem
2540 1208 2778 1275 vocato
2798 1258 2819 1289 ‚
2868 1225 3096 1275 coram
3142 1200 3339 1274 vobis
3381 1198 3757 1273 dicendum

727 1331 907 1400 esset
926 1381 947 1412 ‚
1017 1323 1092 1395 in
1163 1327 1574 1420 argumento
1634 1320 1825 1417 quod
1869 1327 2229 1394 tractarem
2284 1315 2607 1419 eligendo
2652 1343 2791 1394 non
2844 1319 2968 1395 diu
3007 1319 3356 1395 haesitavi.
3456 1317 3757 1392 Abstru-

729 1468 874 1518 sam
944 1441 1128 1518 enim
1207 1449 1278 1514 et
1349 1437 1776 1514 reconditam
1848 1437 2252 1537 disputandi
2318 1439 2677 1515 materiem
2746 1440 3101 1515 enucleare
3121 1500 3141 1528 ,
3216 1440 3277 1514 si
3344 1438 3453 1512 vel
3521 1461 3759 1512 meum

728 1565 1010 1652 fuisset,
1083 1588 1126 1637 a
1189 1560 1472 1636 consilio
1492 1619 1512 1648 ‚
1563 1559 1753 1658 quod
1797 1558 1970 1632 mihi
2008 1582 2196 1632 nunc
2247 1560 2703 1657 spectandum
2748 1568 2932 1651 erat,
2983 1560 3287 1635 alienum
3331 1583 3482 1632 esse
3524 1557 3759 1631 existi-

729 1683 1030 1760 mabam.
1131 1681 1280 1755 Nec
1341 1703 1572 1754 vereor
1594 1737 1614 1766 ,
1685 1702 1774 1753 ne
1835 1677 1908 1752 in
1972 1687 2270 1753 vestram
2319 1679 2669 1754 incurram
2714 1679 3311 1788 reprehensionem
3331 1735 3351 1767 ,
3404 1677 3498 1766 si,
3548 1677 3763 1750 missa

730 1805 920 1880 omni
969 1801 1320 1878 doctrinae
1363 1800 1822 1874 ostentatione
1845 1857 1864 1887 ,
1915 1807 1986 1873 et
2027 1799 2243 1874 studii
2281 1799 2643 1897 hucusque
2674 1798 3059 1897 theologiae
3094 1797 3429 1896 impensi,
3469 1805 3541 1870 et
3576 1792 3721 1870 viae
3738 1849 3762 1882 ,

731 1949 940 2024 quam
1007 1922 1293 2022 posthac
1355 1921 1795 2020 ingressurus
1841 1943 1998 1992 sum
2017 1976 2038 2007 ‚
2099 1918 2439 1994 rationem
2478 1917 2788 1993 reddam.
2888 1917 3136 1992 Dicam
3178 1939 3345 2016 ergo
3397 1919 3451 1991 d
3456 1943 3495 1990 e
3532 1941 3763 1989 accu-

615 2094 628 2108 ·
729 2054 923 2120 rato
993 2044 1572 2142 antiquitatis
1639 2040 2140 2114 Hebraicae
2201 2040 2525 2128 studim
2589 2037 2981 2136 theoloye
3052 2039 3554 2112 Christiano
3604 2061 3759 2110 ma-

724 2189 1097 2266 ynopere
1163 2161 1819 2236 commendando,

831 2287 996 2362 Qua
1047 2282 1121 2357 in
1174 2305 1247 2355 re
1293 2281 1392 2354 ita
1438 2279 1758 2353 versabor
1777 2337 1796 2367 ,
1851 2287 1932 2353 ut
1975 2280 2282 2380 primum
2329 2279 2535 2378 quale
2588 2279 2679 2354 sit
2720 2279 2913 2353 istud
2957 2278 3269 2354 studium
3312 2277 3611 2352 breviter
3648 2297 3771 2350 ex·

735 2425 980 2503 ponam
1007 2460 1027 2492 ,
1103 2402 1263 2476 dein
1325 2400 1498 2500 quid
1565 2400 1728 2473 inde
1787 2399 1862 2473 in
1922 2400 2314 2474 universam
2367 2399 2785 2501 theologiam
2832 2399 3177 2474 commodi
3219 2397 3563 2472 redundet
3582 2454 3602 2486 ,
3652 2397 3771 2471 de-

735 2519 1170 2596 monstrandi
1219 2519 1466 2593 faciam
1515 2500 1923 2616 periculum.
2025 2517 2171 2593 Vos
2219 2525 2459 2594 autem
2480 2579 2500 2607 ,
2566 2528 2647 2595 ut
2669 2579 2690 2608 ,
2752 2547 2835 2596 ea
2877 2545 3019 2618 qua
3054 2519 3219 2593 e'stis
3262 2517 3608 2617 aequitate
3630 2577 3649 2606 ,
3698 2517 3773 2590 in

741 2619 1419 2738 audiendo‘benigni
1437 2697 1457 2725 ,
1505 2637 1580 2711 in
1629 2636 2003 2712 iudicando
2051 2637 2256 2712 mites
2307 2639 2458 2713 sitis
2478 2698 2499 2727 ,
2547 2639 2757 2715 etiam
2804 2648 3015 2738 atque
3062 2639 3271 2715 etiam
3319 2663 3509 2738 rogo.

833 2883 896 2955 I.
973 2882 1430 2981 Antiquitatis
1489 2879 1906 2959 vocabulum
1967 2903 2124 2955 eam
2187 2882 2397 2981 vulgo
2456 2882 2777 2983 designat
2829 2881 3265 2981 disciplinam
3282 2938 3302 2970 ,
3352 2903 3531 2980 quae
3579 2877 3781 2952 unice

745 3002 816 3076 in
864 2999 1106 3101 populi
1143 2999 1436 3075 alicuius
1479 2999 1824 3075 institutis
1865 2999 2334 3077 describendis
2370 3010 2681 3078 versatur
2699 3062 2720 3093 ‚
2773 3028 3087 3102 quaeque
3124 3002 3341 3102 igitur
3376 2999 3466 3075 ab
3502 2998 3787 3073 historia

743 3121 954 3220 probe
1005 3128 1116 3195 est
1161 3119 1686 3219 distinguenda.
1790 3122 2024 3199 Quem
2077 3121 2409 3219 loquendi
2446 3146 2657 3197 usum
2705 3128 3065 3221 propterea
3105 3121 3417 3194 deserere
3458 3143 3600 3192 non
3659 3118 3789 3191 du-

745 3240 962 3315 bitavi
983 3298 1004 3327 ‚
1073 3239 1402 3336 quoniam
1465 3238 1748 3311 nullum
1809 3238 2001 3313 aliud
2053 3238 2228 3312 mihi
2277 3240 2693 3339 suppetebat
2740 3240 3152 3315 vocabulum
3172 3298 3191 3328 ,
3243 3263 3384 3338 quo
3427 3262 3510 3312 ea
3550 3237 3791 3323 omnia

746 3358 1484 3457 comprehenderentur
1502 3416 1521 3445 ,
1593 3381 1774 3455 quae
1839 3357 2080 3456 populi
2145 3358 2609 3434 conditionem
2632 3419 2652 3448 ,
2720 3360 2854 3436 alio
2908 3368 3216 3459 tempore
3270 3360 3475 3434 aliam
3499 3416 3519 3447 ‚
3570 3381 3791 3455 quum

743 3486 1096 3553 externam
1143 3478 1294 3551 tum
1335 3476 1680 3551 internam
1702 3534 1722 3565 ‚
1773 3484 2184 3574 spectarent.
2287 3478 2748 3578 Antiquitatis
2794 3504 2961 3580 ergo
3007 3479 3394 3555 Hebraicae
3440 3478 3791 3566 studium,

746 3598 946 3696 quale
996 3598 1323 3696 equidem
1372 3596 1524 3671 volo
1543 3654 1562 3684 ,
1614 3596 1854 3696 populi
1899 3596 2266 3672 Israelitici
2285 3657 2306 3688 ‚
2373 3626 2418 3675 a
2469 3625 2609 3699 quo
2656 3600 2822 3675 inde
2866 3608 3178 3699 tempore
3218 3587 3519 3688 exstitit,
3571 3622 3795 3697 usque

745 3718 836 3793 ad
897 3717 1183 3793 alteram
1241 3716 1882 3814 Hierosolymorum
1953 3718 2377 3793 eversionem
2396 3777 2417 3808 ‚
2488 3721 2967 3821 complectitur
3030 3720 3386 3795 historiam
3404 3777 3424 3809 ,
3472 3719 3797 3793 instituta

748 3860 934 3915 sacra
955 3893 976 3924 ‚
1038 3834 1322 3935 politica
1341 3892 1362 3923 ‚
1432 3835 1656 3909 civilia
1678 3893 1699 3924 ‚
1765 3836 2077 3912 indolem
2139 3864 2361 3937 quum
2416 3840 2809 3917 universam
2870 3848 3025 3915 tum
3070 3839 3473 3940 praesertim
3524 3838 3797 3938 religio·

748 3980 889 4031 sam
913 4012 934 4042 ,
986 3978 1210 4029 mores
1231 4013 1252 4042 ,
1301 3954 1516 4029 vitam
1565 3954 2043 4033 domesticam.
2147 3961 2350 4038 Quae
2395 3960 2630 4036 omnia
2671 3986 2711 4036 e
2755 3961 3077 4060 genuinis
3114 3959 3417 4059 petenda
3453 3983 3603 4032 esse
3645 3958 3796 4031 fon·

749 4074 977 4163 tibus,
1049 4082 1296 4173 sponte
1357 4083 1577 4173 patet:
1652 4082 2078 4175 quapropter
2145 4079 2370 4178 primo
2441 4081 2589 4156 loco
2634 4081 2707 4154 in
2758 4104 3043 4156 censum
3090 4081 3281 4155 venit
3325 4077 3604 4177 linguae
3646 4076 3795 4151 He-

749 4194 1018 4269 braicae
1073 4194 1386 4269 studium
1405 4252 1424 4282 ,
1488 4194 1679 4293 quod
1734 4196 1826 4270 ad
1876 4196 2148 4272 Veteris
2200 4200 2625 4273 Testamenti
2669 4201 2881 4274 libros
2931 4197 3416 4297 intelligendos
3465 4204 3539 4270 et
3581 4196 3793 4268 inter-

751 4313 1144 4413 pretandos
1187 4313 1370 4387 viam
1423 4314 1626 4389 nobis
1673 4315 1931 4393 munit.
2055 4316 2296 4391 Unum
2341 4318 2671 4417 idemque
2714 4344 2865 4394 esse
2909 4318 3085 4393 illud
3106 4376 3127 4407 ‚
3178 4318 3319 4391 sive
3367 4341 3410 4390 a
3447 4314 3797 4413 philologo

755 4440 1001 4532 agatur
1017 4491 1038 4522 ‚
1089 4432 1231 4507 sive
1290 4458 1332 4506 a
1393 4433 1712 4534 theologo
1729 4493 1748 4524 ‚
1811 4460 1922 4510 res
1969 4436 2121 4535 ipsa
2161 4436 2502 4535 loquitur:
2555 4436 2867 4513 adhibita
2906 4444 3109 4511 cauta
3156 4436 3603 4511 dialectorum
3649 4435 3795 4509 affi-

755 4554 952 4627 nium
1002 4552 1508 4652 comparatione
1525 4611 1546 4642 ‚
1623 4554 1903 4654 utrique
1961 4556 2035 4631 in
2097 4556 2613 4655 interpretando
2661 4556 3054 4654 sequendae
3094 4564 3260 4631 sunt
3303 4554 3792 4656 grammaticae

759 4673 978 4772 leges3
1045 4671 1147 4745 illi
1210 4696 1428 4771 aeque
1471 4682 1681 4774 atque
1729 4676 1890 4752 huic
1937 4677 2322 4753 cavendum
2363 4685 2472 4752 est
2522 4676 2612 4753 ab
2660 4701 2900 4752 eorum
2942 4676 3327 4753 temeritate
3346 4735 3367 4768 ‚
3418 4675 3541 4775 qui
3584 4675 3795 4750 talem

761 4790 896 4867 sibi
956 4793 1228 4891 fingant
1287 4792 1598 4892 linguam
1615 4854 1636 4887 ,
1703 4797 1927 4897 qualis
1987 4820 2374 4897 numquam
2438 4797 2513 4874 in
2580 4796 2944 4875 hominum
3002 4820 3121 4875 ore
3178 4797 3400 4875 vivere
3449 4794 3755 4897 potuerit
3767 4826 3787 4882 ;
