4766 6034
1087 719 1099 729 ·
1221 629 1354 694 304
2000 626 2014 632 ·
2408 627 2479 692 E.
2549 624 2607 690 J.
2676 622 3048 703 mann,

1325 833 1722 910 Clarissima
1791 833 2130 908 Bosscna
2149 889 2170 921 ,
2241 831 2443 907 cuius
2508 831 2895 932 provinciae
2968 831 3043 906 in
3110 829 3364 907 illustri
3429 830 3557 906 hac
3620 833 3853 909 schola
3920 835 4211 930 succedo,

1223 955 1450 1032 multa
1491 961 1656 1031 sunt
1703 950 2163 1028 dissociabilia
2184 1009 2206 1040 ‚
2255 977 2435 1051 quae
2483 953 2557 1026 in
2606 953 2837 1028 medio
2880 951 3105 1052 posita
3144 959 3216 1026 te
3254 975 3509 1050 meque
3542 961 3865 1053 separant
3882 1013 3904 1042 ,
3951 978 4211 1053 quorum

1223 1074 1515 1150 sufficiet
1555 1074 1616 1148 si
1661 1097 1883 1148 unum
1923 1078 2200 1148 tantum
2249 1071 2611 1146 nominato
2628 1129 2650 1160 ‚
2718 1071 3035 1147 videlicet
3072 1077 3143 1146 te
3191 1094 3316 1170 per
3358 1072 3665 1170 spatium
3706 1073 3933 1148 multo
3974 1073 4211 1172 longius

1220 1194 1408 1269 hisce
1459 1193 1710 1270 studiis
1756 1191 2134 1292 praefuisse
2153 1249 2174 1280 ,
2245 1215 2457 1290 quam
2497 1189 2863 1290 parvulum
2909 1191 3039 1265 hoc
3082 1189 3259 1266 vitae
3300 1213 3499 1266 meae
3546 1175 3968 1268 curriculum
4008 1201 4210 1267 exten·

1220 1314 1432 1390 ditur.
1530 1314 1631 1388 At
1687 1321 1758 1387 te
1811 1311 1968 1386 ideo
2019 1334 2159 1386 non
2211 1309 2447 1386 minus
2496 1309 2903 1386 benevolum
2950 1335 3117 1410 erga
3164 1333 3279 1385 me
3325 1312 3617 1411 cognovi
3634 1369 3655 1401 ,
3704 1319 3779 1386 et
3833 1311 4209 1410 aequissimo

1219 1435 1453 1509 animo
1499 1433 1676 1508 ferre
1723 1431 2030 1508 intellexi
2047 1488 2068 1520 ,
2119 1431 2180 1505 si
2226 1431 2401 1529 quid
2448 1431 2561 1508 ὢν
2606 1433 2786 1516 νέος
2818 1436 2976 1508 ,νέα
3024 1439 3309 1531 φρονῶ.

1313 1553 1453 1628 His
1513 1553 1701 1628 enim
1759 1551 2149 1652 gaudemus
2199 1558 2271 1625 et
2320 1535 2787 1640 exsultamus,
2854 1551 3045 1649 quod
3093 1551 3378 1626 iuvenes
3430 1575 3675 1628 sumus
3734 1551 4122 1628 etiamnunc
4158 1557 4215 1625 et
4252 1561 4263 1572 '

1219 1672 1503 1748 iuvenili
1557 1672 1798 1770 ‚vigore
1815 1731 1836 1760 ,
1908 1671 2008 1746 mi
2067 1672 2399 1748 Munnnn
2419 1729 2442 1760 ,
2507 1670 2933 1746 celeberrimi
2990 1671 3206 1771 patris
3252 1670 3815 1747 coniunctissima
3863 1671 4216 1772 progenies.

1218 1795 1380 1868 Nos
1440 1792 1502 1866 si
1565 1790 1689 1891 qui
1753 1791 1872 1865 alii
1931 1791 2060 1866 hoc
2126 1813 2499 1890 possumus
2565 1789 2841 1889 gloriari
2859 1848 2879 1879 ‚
2950 1790 3137 1866 diem
3182 1790 3500 1893 ‚eundem
3556 1789 3778 1865 fuisse
3830 1790 4125 1890 primum
4162 1798 4221 1862 et

1217 1937 1626 2012 congressus
1687 1917 1760 1985 et
1826 1911 2168 1986 amicitiae
2227 1917 2503 1985 nostrae
2522 1967 2543 1998 ,
2610 1933 2791 2009 quae
2838 1909 2978 1984 iam
3028 1910 3205 1986 bene
3254 1910 3533 2010 incepta
3550 1969 3571 2000 ,
3620 1912 3809 1987 bona
3854 1911 4129 2012 quaevis
4162 1921 4223 1984 ct

1218 2033 1399 2108 laeta
1440 2031 1642 2108 nobis
1686 2030 2078 2130 portendit,
2128 2055 2308 2129 quae
2355 2039 2439 2106 ut
2480 2030 2619 2106 cito
2662 2037 2811 2136 orta
2856 2037 2964 2104 est
3005 2038 3366 2130 tamquam
3414 2056 3502 2105 ex
3547 2031 3789 2110 innata
3818 2031 4023 2107 nobis
4042 2030 4225 2105 animi

1219 2159 1291 2226 et
1333 2151 1706 2228 effectuum
1755 2149 2234 2226 simulitudine
2274 2159 2346 2225 et
2375 2150 2592 2226 veluti
2627 2174 2715 2224 ex
2746 2150 3041 2226 scintilla
3071 2152 3375 2249 quadam
3402 2151 3815 2226 Promethea
3833 2209 3856 2241 ,
3907 2149 4010 2226 ita
4036 2149 4227 2226 valida

1147 2291 1156 2300 ·
1218 2272 1356 2346 iam
1417 2273 1504 2345 et'
1543 2270 1744 2346 firma
1767 2329 1788 2358 ,
1854 2293 1984 2345 nec
2031 2269 2170 2346 cito
2216 2269 2523 2370 peritura
2570 2253 2711 2345 stat
2748 2277 2822 2344 et
2874 2268 3186 2368 quotidie
3232 2271 3453 2370 magis
3495 2277 3877 2370 utrumque
3924 2268 4225 2370 complec-

1218 2391 1388 2466 titur
1405 2425 1424 2480 3
1499 2415 1726 2489 neque
1787 2391 1870 2464 t‘u
1927 2390 2218 2496 melius,
2283 2389 2549 2489 opinor,
2598 2389 2943 2490 intelliges
2984 2413 3125 2489 quo
3171 2397 3243 2464 te
3285 2389 3433 2466 loco
3477 2415 3610 2489 ego
3634 2389 3957 2465 'habeam
3979 2449 3999 2478 ,
4046 2413 4230 2488 quam

1217 2512 1280 2587 si
1335 2521 1406 2586 te
1467 2511 1616 2610 ipse
1673 2510 2056 2609 interroges
2105 2509 2565 2612 indagaturus
2582 2567 2602 2598 ,
2668 2509 2892 2609 qualis
2940 2535 3071 2609 ego
3119 2509 3419 2585 vicissim
3472 2510 3605 2584 tibi
3646 2510 3782 2585 iam
3830 2509 4061 2586 factus
4102 2509 4229 2582 sim.

1219 2630 1432 2709 Quod
1499 2637 1733 2704 tamen
1798 2630 1898 2706 ita
1957 2629 2245 2704 demum
2313 2655 2469 2705 vere
2526 2629 2905 2706 sentiemus
2962 2637 3363 2732 reputantes
3384 2687 3405 2718 ‚
3456 2654 3667 2728 quam
3720 2628 4013 2704 mirifice
4058 2651 4231 2704 casus

1085 2791 1094 2796 ·
1218 2759 1289 2824 et
1337 2750 1587 2824 horum
1639 2749 1938 2824 virorum
1989 2747 2317 2848 suffragia
2365 2773 2493 2824 nos
2540 2750 3063 2839 coniunxerint,
3130 2757 3212 2824 ut
3260 2757 3334 2824 et
3378 2773 3557 2849 quae
3598 2751 4005 2824 communia
4050 2747 4231 2822 habe·

1223 2894 1380 2944 mus
1398 2928 1420 2957 ,
1487 2866 1807 2943 iuvenilis
1864 2867 2296 2944 vehementia
2345 2877 2417 2943 et
2468 2893 2663 2945 amor
2710 2867 3099 2944 studiorum
3120 2928 3139 2958 ‚
3190 2870 3449 2946 amicos
3492 2893 3621 2952 nos
3668 2867 4135 2954 reddiderint,
4178 2875 4236 2939 et

1223 2987 1392 3065 varii
1431 2985 1694 3089 ingenii
1741 2987 2271 3088 studiorumque
2314 2988 2689 3095 discrimen
2734 2997 2929 3065 tuam
2981 2989 3152 3068 mihi
3198 2989 3774 3067 consuetudinem
3817 2989 4235 3065 utilissimam

1223 3110 1430 3186 simul
1492 3117 1564 3184 et
1635 3109 2114 3184 suavissimam
2173 3109 2469 3199 faciant,
2541 3134 2669 3186 nec
2740 3134 2969 3185 meam
3030 3110 3197 3198 tibi,
3266 3111 3456 3209 quod
3516 3109 4005 3185 indubitanter
4042 3107 4235 3193 addo,

1222 3230 1506 3305 omnino
1553 3229 2030 3319 iniucundam.
2133 3229 2324 3304 Illud
2369 3229 2581 3305 etiam
2624 3250 2995 3305 commune
3036 3229 3373 3306 habemus
3390 3286 3411 3318 ,
3460 3229 3653 3329 quod
3698 3230 3985 3328 utrique
4022 3228 4231 3303 dome-

1220 3349 1480 3442 sticum
1523 3348 1612 3423 sit
1658 3348 2053 3448 exemplum
2105 3347 2457 3425 doctrinae
2504 3348 2717 3423 simul
2750 3359 2821 3425 et
2860 3348 3188 3425 indefessi
3234 3348 3487 3425 laboris
3503 3407 3524 3439 ,
3574 3374 3702 3424 nec
3748 3349 3808 3422 si
3850 3348 4071 3447 patris
4118 3346 4205 3419 tui
4218 3402 4235 3429 ,

1228 3468 1486 3543 summi
1543 3467 1671 3542 viri
1687 3525 1708 3556 ,
1773 3468 1961 3543 fama
2012 3468 2190 3543 bene
2251 3476 2451 3568 parta
2489 3469 2581 3545 ad
2626 3476 2895 3545 exteras
2934 3469 3247 3545 nationes
3290 3467 3850 3569 splendidissima
3904 3467 4233 3566 pervenit,

1225 3586 1326 3660 nil
1371 3610 1484 3660 me
1533 3586 1744 3661 etiam
1793 3586 2142 3685 poeniteat
2190 3611 2439 3663 sanum
2490 3589 2707 3687 patris
2753 3588 2984 3664 huius,

1327 3706 1866 3803 Gymnasiorum
1933 3706 2244 3782 doctores
2262 3704 2299 3795 ,'
2355 3707 2749 3806 nuperrime
2818 3706 3119 3807 collegae
3192 3706 3591 3781 etiamnunc
3660 3706 4235 3789 coniunctissimi,

1232 3848 1350 3899 vos
1400 3824 1622 3899 laetus
1674 3824 1916 3901 adesse
1964 3825 2138 3899 mihi
2183 3826 2297 3900 hic
2343 3826 2581 3915 video,
2642 3850 2761 3902 eos
2803 3826 3203 3925 praesertim
3223 3883 3244 3914 ,
3294 3832 3639 3925 quotquot
3684 3826 3969 3923 aliunde
4012 3848 4232 3901 conve·

1231 3944 1470 4032 nistis,
1543 3968 1582 4041 e
1645 3944 1903 4043 quibus
1972 3952 2205 4020 tamen
2271 3945 2589 4021 desidero
2654 3944 2845 4051 haud
2911 3946 3011 4021 ita
3058 3947 3315 4021 multos
3337 4004 3356 4035 ,
3416 3970 3534 4020 eos
3580 3954 3815 4021 tamen
3836 4005 3858 4035 ‚
3913 3971 4039 4046 per
4084 3968 4235 4045 quos

1235 4062 1524 4139 dimidia
1583 4064 1756 4137 mihi
1813 4088 1972 4163 pars
2045 4064 2344 4169 laetitiae
2400 4065 2771 4140 hodiernae
2821 4065 3020 4165 perit'.
3122 4066 3499 4141 Vobiscum
3556 4090 3811 4165 magna
3829 4125 3851 4154 ,
3900 4090 4063 4141 cum
4112 4066 4236 4163 ple·

1233 4182 1468 4281 risque
1517 4182 1996 4281 praesentibus
2039 4209 2276 4262 recens
2319 4185 2447 4260 sed
2492 4186 2632 4261 iam
2674 4186 2877 4261 firma
2893 4243 2914 4274 ,
2963 4210 3125 4260 cum
3170 4184 3359 4260 haud
3406 4184 3647 4283 paucis
3694 4183 4033 4261 diuturna
4088 4180 4247 4275 mih}

1235 4300 1541 4377 amicitia
1580 4310 1687 4377 est
1704 4360 1725 4391 ,
1777 4327 1998 4412 unum
2043 4296 2475 4404 alterumque
2520 4305 2731 4381 etiam
2769 4305 3236 4382 adversarium
3286 4302 3615 4405 cognovi,
3666 4305 3791 4380 sed
3832 4312 4145 4379 strenuos
4176 4310 4237 4373 et

1235 4420 1477 4518 quales
1521 4420 1696 4495 mihi
1747 4445 2018 4521 semper
2057 4422 2479 4500 adversarios
2516 4436 2827 4524 optarem
2847 4482 2893 4521 ‚·
2918 4426 2996 4499 ni
3035 4424 3340 4523 licuisset
3380 4423 3659 4498 eosdem
3704 4424 3963 4499 amicos
4008 4422 4235 4495 videre.

1239 4540 1342 4613 Ut
1400 4547 1640 4615 autem
1696 4539 1772 4614 hi
1832 4566 2112 4641 quoque
2175 4544 2601 4644 intelligant,
2662 4544 2835 4644 quid
2882 4543 3087 4619 velim
3110 4603 3131 4634 ,
3193 4554 3265 4619 et
3311 4543 3502 4643 quod
3545 4542 3762 4643 probe
3805 4540 4237 4647 perspicimus

1223 4666 1312 4761 ,et
1373 4680 1498 4733 vos
1539 4666 1610 4735 et
1653 4682 1785 4760 ego
1803 4716 1824 4748 ,
1871 4660 2081 4737 verbo
2124 4686 2659 4747 commemorare
2706 4662 2957 4739 attinet
3005 4688 3213 4740 unam
3263 4663 3353 4739 de
3392 4664 3617 4739 causis
3636 4722 3657 4751 ,
3708 4686 3889 4763 quae
3925 4686 4053 4736 nos
4092 4682 4237 4733 con·

1081 4848 1090 4857 .
1239 4778 1581 4877 iungunt,
1643 4786 1714 4855 et
1765 4778 2067 4858 indicare
2112 4780 2523 4886 palaestram
2567 4783 3019 4861 certaminum
3039 4842 3063 4876 ,
3110 4806 3290 4882 quae
3342 4782 3743 4883 significavi.
3842 4782 4031 4858 Iacet
4076 4778 4239 4857 eheu
