4766 6034
1873 635 2432 708 onar10.
3326 621 3337 636 “
3552 641 3680 709 ιω

733 844 854 919 Ad
907 849 1166 920 metam
1211 842 1386 918 mihi
1423 843 1846 943 propositam
1889 866 2253 944 properare
2296 869 2413 920 me
2456 844 2661 920 sinite
2678 903 2701 934 ,
2752 847 2841 922 A.
2885 847 2991 922 A!
3044 849 3199 924 Iam
3248 849 3635 948 perspicitis
3653 910 3672 941 ,

637 972 718 1040 ut
783 965 1027 1064 opinor
1043 1024 1064 1054 ‚
1134 962 1557 1063 quibusnam
1628 965 1717 1040 de
1783 967 2046 1042 caussis
2124 964 2479 1042 Historiae
2546 966 3064 1042 Ecclesiasticae
3128 976 3201 1042 et
3265 968 3679 1070 Theologiae

635 1085 924 1160 Moralis
967 1086 1284 1160 studium
1325 1086 1434 1160 his
1479 1073 1770 1161 mdoeime
1813 1088 2047 1162 diebus
2087 1093 2270 1162 arcte
2317 1109 2469 1160 esse
2526 1086 3091 1187 coniungendam
3128 1091 3674 1166 asseveraverim.

635 1206 710 1278 Si
753 1205 942 1280 enim
983 1204 1240 1281 iterum
1282 1205 1658 1305 quaeritur,
1707 1231 2013 1306 quanam
2049 1208 2160 1284 via
2199 1206 2310 1281 vel
2349 1229 2653 1305 quonam
2681 1190 2937 1285 auxilio
2974 1210 3361 1310 aegrotanti
3401 1217 3678 1288 nostrae

631 1324 979 1401 Ecclesiae
1029 1325 1120 1400 sit
1166 1326 1748 1402 succurrendum:
1801 1327 1918 1402 alii
1960 1326 2134 1426 quid
2175 1327 2640 1426 respondeant
2692 1335 2763 1400 et
2810 1329 3112 1404 sentiant
3140 1329 3294 1404 ‘sibi
3340 1329 3671 1420 viderint;

632 1445 960 1544 equidem
1010 1447 1138 1522 hoc
1185 1445 1648 1546 interrogatus
1705 1446 1818 1520 vix
1865 1446 2124 1536 haben,
2192 1448 2383 1546 quod
2430 1447 2918 1547 respondeam3
2970 1448 3196 1525 dicam
3246 1475 3403 1525 vero
3422 1509 3441 1539 ‚
3488 1451 3679 1549 quod

633 1567 874 1660 sentio,
977 1567 1409 1667 Theologum
1431 1625 1450 1655 ,
1523 1569 1646 1666 qui
1718 1566 1906 1642 hisce
1964 1567 2214 1643 diebus
2279 1567 2577 1643 doctoris
2634 1592 2893 1642 munus
2944 1569 3360 1669 auspicatur,
3414 1571 3675 1669 optime

629 1687 730 1762 rei
779 1686 1214 1762 Christianae
1259 1713 1340 1762 ac
1382 1712 1550 1762 suae
1587 1687 1800 1763 aetati
1841 1687 2198 1764 consulere
2241 1688 2849 1792 persuasissimum
2892 1688 3065 1764 mihi
3100 1699 3247 1778 est,
3290 1690 3675 1789 Religionis

630 1807 1064 1883 Christianae
1119 1806 1350 1882 indole
1398 1807 1640 1884 morali
1682 1807 2091 1884 illustranda
2135 1817 2205 1882 et
2249 1808 2797 1884 commendanda
2814 1866 2832 1896 ,
2899 1808 3210 1909 adeoque
3258 1810 3671 1910 Theologiae

627 1926 914 2002 Moralis
933 1987 954 2016 ‚
1025 1927 1476 2027 eiusdemque
1539 1952 1696 2004 vere
1768 1920 2204 2004 Christianae
2219 1988 2240 2018 ‚
2310 1928 2765 2028 explicatione
2783 1988 2804 2017 ,
2871 1953 3001 2004 nec
3074 1930 3305 2004 minus
3376 1930 3674 2029 practico
3823 1981 3831 1984 -

628 2046 980 2124 Historiae
1035 2048 1554 2124 Ecclesiasticae
1621 2073 1777 2124 usu.
1876 2047 2194 2124 Historia
2245 2047 2342 2122 sic
2390 2054 2723 2124 tractetur
2742 2107 2762 2137 ‚
2814 2058 2895 2124 ut
2939 2074 3183 2125 norma
3231 2074 3504 2125 morum
3552 2075 3671 2149 op-

627 2168 799 2244 tima
815 2228 833 2255 ‚
899 2169 1079 2242 vitae
1144 2168 1576 2244 Christianae
1641 2169 1788 2244 dux
1855 2175 1926 2244 et
1999 2168 2344 2268 Magistra
2406 2168 2764 2244 habeatur.
2884 2171 3124 2269 Atque
3182 2171 3453 2246 utinam
3508 2171 3677 2246 haec

625 2297 862 2362 nostra
921 2295 1108 2362 aetas
1168 2279 1522 2364 Historiae
1588 2314 1826 2366 vocem
1891 2288 2328 2364 monitricem
2386 2289 2625 2364 audiat
2682 2295 2894 2388 atque
2954 2290 3336 2378 auscultet,
3386 2291 3675 2367 minime

627 2416 708 2482 ut
745 2402 1223 2484 'Cassandram
1283 2407 1630 2484 incassum
1695 2418 2155 2510 augurantem
2175 2467 2198 2498 ,
2268 2408 2378 2483 vel
2419 2408 2747 2507 Pythiam
2791 2409 3055 2484 incerta
3103 2410 3191 2484 de
3234 2435 3361 2485 suo
3402 2411 3675 2509 tripode

624 2530 900 2604 oracula
941 2530 1296 2618 edentem,
1349 2530 1474 2605 sed
1514 2531 1754 2606 audiat
1797 2538 2138 2630 tanquam
2183 2530 2421 2606 Deum
2441 2588 2462 2620 ‚
2511 2539 2848 2628 tanquam
2899 2529 3259 2605 Christum
3307 2532 3542 2630 ipsum
3601 2532 3673 2606 in

625 2649 744 2725 illa
812 2652 1234 2749 loquentem.
1352 2649 1765 2750 Theologiae
1835 2651 2092 2726 Morali
2152 2650 2455 2726 nimium
2521 2651 2879 2750 neglectae
2952 2675 3121 2726 suus
3202 2658 3338 2726 stet
3414 2651 3631 2725 honos
3652 2709 3671 2738 ,

628 2796 836 2846 suum
891 2770 1301 2846 restituatur
1349 2771 1653 2871 pretium
1673 2829 1694 2860 ,
1754 2779 1829 2846 at
1875 2772 1972 2847 sic
1999 2772 2372 2858 ‚excolatur
2391 2829 2412 2860 ,
2464 2778 2545 2845 ut
2596 2796 2639 2846 a
2690 2770 2969 2846 Christo
3012 2771 3431 2872 principium
3483 2777 3677 2871 petat

625 2899 838 2991 atque
901 2891 1136 2966 omnia
1205 2892 1297 2967 ad
1361 2891 1722 2968 Christum
1785 2893 2055 2968 referat.
2155 2891 2328 2968 Esto
2390 2891 2629 2992 igitur,
2693 2885 3143 2990 Theologiam
3187 2891 3677 2991 Dogmaticam

629 3012 910 3111 reginae
977 3011 1196 3087 instar
1259 3037 1410 3088 esse
1471 3011 1832 3088 colendam
1850 3071 1872 3102 ,
1937 3011 2036 3089 ita
2101 3016 2348 3112 regnet
2393 3016 2604 3109 atque
2650 3009 2947 3107 imperet
3004 3016 3077 3084 et
3134 3009 3251 3084 illa
3270 3068 3291 3099 ,
3357 3016 3438 3085 ut
3486 3019 3675 3110 post-

627 3132 884 3207 habitis
923 3132 1369 3209 infructuosis
1413 3132 1656 3207 litibus
1675 3192 1696 3220 ,
1746 3131 2036 3210 maximi
2063 3131 2272 3207 faciat
2303 3128 2818 3227 maximamque
2866 3153 3106 3204 curam
3152 3137 3347 3228 gerat
3397 3153 3637 3205 eorum
3652 3187 3673 3218 ,

627 3279 806 3353 quae
863 3254 1166 3329 maxime
1233 3260 1549 3354 spectant
1609 3254 1702 3329 ad
1759 3253 1995 3328 vitam.
2098 3252 2364 3325 Omnes
2423 3249 2838 3347 Theologiae
2908 3249 3311 3349 disciplinae
3360 3249 3678 3349 religioni

627 3382 700 3449 et
743 3374 924 3449 vitae
969 3374 1281 3475 adeoque
1339 3372 1622 3450 Ethices
1677 3372 2112 3448 Christianae
2149 3370 2437 3447 consilio
2476 3369 2896 3455 inserviant„
2964 3370 3239 3470 Religio
3283 3370 3675 3445 Christiana

627 3493 899 3592 generis
933 3495 1224 3569 humani
1263 3494 1684 3571 fermentum
1727 3519 1802 3569 se
1849 3492 2118 3593 probet.
2219 3490 2479 3566 Cuncti
2519 3490 2821 3589 denique
2862 3490 3195 3590 Theologi
3214 3550 3234 3581 ,
3284 3491 3671 3569 coniunctis

629 3615 894 3689 viribus
916 3673 936 3702 ,
985 3616 1180 3690 omni
1235 3640 1402 3691 cura
1453 3623 1526 3691 et
1575 3614 1810 3690 studio
1857 3638 1941 3689 eo
1989 3612 2345 3688 enitantur
2361 3670 2381 3699 ,
2434 3617 2516 3685 ut
2566 3611 2948 3687 accelerent
2994 3609 3451 3686 laetissimum
3497 3611 3674 3685 illud

628 3744 910 3835 tempus
928 3794 950 3823 ‚
997 3736 1132 3835 piis
1181 3736 1498 3811 omnium
1544 3735 1892 3811 cultorum
1938 3732 2076 3807 Dei
2131 3729 2493 3807 desideriis
2540 3738 2612 3806 et
2658 3730 2981 3829 precibus
3022 3738 3427 3831 exoptatum
3460 3738 3673 3830 atque

628 3855 1074 3954 imploratum
1095 3916 1114 3944 ,
1166 3880 1308 3956 quo
1328 3913 1348 3946 ,
1399 3856 1658 3931 sedatis
1697 3853 1865 3929 rixis
1884 3911 1905 3943 ,
1954 3852 2354 3951 compositis
2394 3850 2637 3926 litibus
2654 3910 2673 3941 ,
2724 3851 3047 3927 extinctis
3090 3852 3467 3928 discordiae
3508 3850 3669 3927 faci-

629 3975 765 4051 bus
785 4034 804 4065 ,
855 3977 986 4051 hoc
1027 3996 1317 4053 aureum
1361 3976 1600 4053 Pacu
1647 3974 1974 4051 effatum:
2025 3978 2210 4061 viva,
2257 3976 2386 4047 sed
2422 3980 2677 4073 eyomet
2722 3999 2853 4047 non
2883 3974 3201 4071 amplius,
3252 3983 3332 4048 at
3370 3974 3675 4048 Christus

631 4099 704 4171 in
754 4123 856 4171 me
899 4099 1069 4172 vivit
1111 4097 1396 4173 unicum
1439 4096 1799 4173 universae
1849 4093 2196 4171 Ecclesiae
2251 4099 2601 4191 superstes
2650 4091 2740 4166 sit
2783 4090 3227 4191 Symbolum!
3368 4114 3377 4123 ·

729 4578 931 4669 Quod
995 4578 1056 4653 si
1105 4584 1342 4653 autem
1393 4602 1478 4653 ea
1519 4574 1810 4651 felicitas
1851 4574 2024 4650 mihi
2076 4572 2481 4673 contigerit,
2548 4578 2629 4646 ut
2684 4569 3147 4669 qualicunque
3190 4590 3347 4641 mea
3386 4565 3665 4641 institu-

633 4696 822 4771 tione
878 4694 1100 4769 futuri
1177 4695 1542 4772 Sacrorum
1604 4692 1974 4769 Antistites
2037 4694 2112 4769 in
2161 4692 2525 4803 utriusque
2576 4688 2791 4765 studii
2834 4711 3139 4765 amorem
3190 4686 3413 4787 magis
3457 4686 3670 4762 etiam

633 4815 1010 4893 incitentur
1073 4825 1284 4917 atque
1325 4820 1754 4893 exacuantur
1802 4855 1902 4874 —
1944 4814 2076 4889 hoc
2135 4812 2330 4891 vobis
2381 4818 2743 4913 acceptum
2791 4808 3083 4889 referam
3106 4870 3125 4898 ,
3173 4808 3325 4883 Viri
3365 4808 3499 4885 Am
3503 4808 3669 4907 plis-
