4766 6034
1714 709 1722 712 -
1857 665 2423 734 ORATIO.
3568 663 3655 730 3⁷

615 880 776 946 tum
839 877 984 960 est,
1059 878 1140 947 ut
1206 897 1426 946 novus
1488 872 1629 948 iam
1681 875 2134 975 autoplastiae
2185 881 2421 976 pateat
2474 896 2763 973 campus
2785 932 2804 962 ,
2854 897 2943 948 ex
2980 897 3120 972 quo
3167 897 3309 946 non
3357 871 3657 971 amplius

616 994 690 1068 in
763 992 910 1066 sola
967 999 1127 1068 cute
1188 994 1658 1094 experimenta
1715 995 1936 1071 facere
1956 1054 1976 1085 ,
2041 996 2166 1070 sed
2223 995 2433 1069 etiam
2497 993 2905 1072 reficiendae
2965 1000 3276 1069 texturae
3337 1017 3660 1068 mucosae

619 1113 950 1188 inservire
993 1114 1239 1214 coepit.
1275 1159 1282 1166 ·
1321 1116 1571 1214 Itaque
1617 1141 1756 1190 non
1805 1117 2104 1217 amplius
2145 1115 2559 1216 autoplastia
2600 1122 2893 1190 cutanea
2918 1120 3190 1188 tantum
3216 1121 3485 1202 exstat,
3535 1113 3660 1187 sed

621 1235 836 1309 etiam
903 1235 1318 1335 autoplastia
1379 1232 1742 1313 visceralis,
1823 1237 1990 1312 Viro
2037 1237 2413 1312 clarissimo
2461 1237 2737 1310 Ionna'r
2784 1256 2881 1308 nn
2928 1235 3337 1308 LAMBALLE
3383 1234 3537 1308 laus
3590 1241 3661 1307 et

623 1353 848 1430 honos
917 1355 1214 1430 debetur
1293 1383 1541 1432 novam
1627 1357 1806 1432 hanc
1826 1417 1848 1447 ,
1936 1356 2492 1457 staphyloraphia
2568 1357 2708 1430 iam
2789 1363 3266 1454 praeparatam
3349 1363 3617 1454 partem
3641 1415 3659 1444 ,

547 1463 560 1474 ’
627 1476 1086 1576 autoplastiae
1149 1477 1498 1553 addidisse
1565 1486 1774 1576 atque
1825 1478 2084 1553 morbis
2137 1502 2342 1578 opem
2400 1476 2643 1551 tulisse
2664 1534 2684 1563 ,
2734 1475 2992 1574 quibus
3046 1475 3369 1551 curandis
3418 1501 3665 1552 sanan-

626 1595 883 1694 disque
924 1597 1090 1672 artis
1133 1597 1441 1674 medicae
1491 1599 1758 1673 alumni
1801 1599 1993 1674 haud
2038 1623 2238 1698 pares
2279 1622 2431 1672 esse
2476 1602 2681 1671 antea
2722 1595 3015 1671 confessi
3043 1605 3256 1672 erant.
3361 1597 3543 1676 Quis
3564 1605 3672 1672 est

625 1717 882 1791 harum
953 1741 1184 1792 rerum
1267 1719 1531 1818 peritus
1552 1778 1572 1807 ,
1647 1719 1816 1819 quin
1888 1720 2136 1795 vitium
2218 1718 2395 1793 illud
2467 1741 2883 1817 organorum
2940 1717 3670 1817 genito-urinariorum

628 1836 945 1926 noverit,
1011 1838 1204 1937 quod
1229 1897 1248 1927 ,
1309 1839 1468 1937 plus
1511 1841 1722 1914 semel
1766 1848 2042 1940 partum
2089 1840 2326 1914 statim
2368 1839 2762 1912 insecutum
2784 1895 2803 1925 ‚
2858 1837 3069 1912 vitam
3121 1823 3501 1913 infelicium
3542 1838 3673 1913 hoc

631 1957 825 2032 malo
877 1965 1280 2034 vexatarum
1333 1957 1744 2034 feminarum
1797 1960 2240 2035 atrocissimis
2301 1963 2699 2058 corrumpat
2755 1957 3106 2032 doloribus
3130 2017 3149 2046 ‚
3218 1958 3387 2057 quin
3432 1957 3677 2032 reddat

638 2077 760 2152 vix
803 2076 1103 2153 vitalem.
1205 2080 1396 2153 Iacet
1448 2078 1748 2178 denique
1796 2079 2116 2178 pertinax
2157 2078 2274 2152 ille
2315 2084 2527 2176 atque
2570 2077 2843 2152 tamdiu
2872 2078 3170 2154 invictus
3207 2078 3454 2166 hostis3
3498 2078 3681 2178 grati

637 2196 1091 2297 agnoscimus
1155 2199 1462 2274 fistulam
1513 2197 2158 2300 vesico-vaginalem
2214 2206 2284 2273 et
2327 2198 2671 2272 uterinam
2719 2222 2945 2297 gnava
2992 2201 3302 2274 Ionnnrr
3341 2198 3684 2274 industria

632 2319 724 2393 iis
788 2318 992 2392 malis
1055 2318 1197 2395 iam
1263 2343 1413 2394 esse
1465 2321 2057 2396 adnumerandam
2078 2380 2098 2410 ‚
2166 2344 2461 2419 quorum
2526 2318 2952 2393 sanationem
2999 2319 3481 2418 unusquisque
3531 2343 3684 2393 eru·-

641 2439 842 2514 ditus
891 2446 963 2514 et
1011 2448 1257 2515 cautus
1300 2440 1669 2542 'chirurgus
1709 2441 2133 2516 confidenter
2177 2441 2397 2539 possit
2441 2438 2810 2538 suscipere.

744 2559 1080 2659 Longum
1148 2567 1255 2635 est
1316 2567 1387 2635 et
1447 2587 1488 2636 a
1539 2562 1892 2661 proposito
1936 2569 2172 2637 nostro
2225 2560 2532 2636 alienum
2580 2583 2821 2634 omnes
2871 2558 3197 2659 deinceps
3237 2582 3639 2648 enumerare
3662 2616 3684 2646 ,

643 2705 826 2780 quos
867 2679 940 2754 in
987 2680 1278 2780 singulis
1321 2682 1548 2782 partib
1556 2707 1636 2758 us
1684 2689 1959 2758 nostrae
2001 2682 2247 2758 aetatis
2294 2679 2643 2779 chirurgia
2678 2680 2965 2779 plastica
3003 2680 3241 2756 fecerit
3260 2703 3687 2780 progressus.
3733 2665 3752 2679 ’

638 2803 730 2876 In
782 2801 1189 2878 memoriam
1226 2825 1578 2878 revocasse
1632 2804 1962 2894 sufficiat,
2027 2811 2450 2903 quantopere
2492 2799 3051 2900 staphyloraphia
3096 2809 3169 2876 et
3211 2800 3693 2901 palatoplastia

642 2921 1148 3023 experimentis
1189 2921 1494 2998 virorum
1543 2924 2178 3026 expertissimorum
2230 2925 2450 2999 Roux
2464 2917 2485 3012 ,'
2533 2921 3098 3011 Dmrrnnnacn,
3147 2923 3503 2997 Biinnme
3552 2920 3699 3014 (cui

644 3043 814 3117 duri
885 3043 1100 3142 palati
1163 3044 1446 3120 lacunas
1509 3046 1793 3121 materie
1859 3070 2056 3121 ossea
2120 3044 2395 3143 explere
2452 3040 2777 3140 contigit)
2843 3041 2985 3115 sint
3026 3052 3379 3139 promotae
3402 3100 3422 3129 ,
3482 3065 3691 3145 quam

645 3161 929 3236 felicem
965 3185 1244 3260 operam
1275 3162 1674 3238 navaverint
1692 3163 2182 3263 rhinoplastiae
2209 3162 2709 3237 Linonnnncx
2734 3218 2754 3249 ‚
2805 3159 3314 3259 cheiloplastiae
3337 3162 3657 3235 Bmsrus
3674 3218 3696 3251 ,

647 3280 1230 3379 urethroplastiae
1294 3283 1654 3357 Nnmron
1676 3342 1696 3371 ,
1764 3281 2332 3383 perineoplastiae
2392 3282 2663 3355 Ionnnr
2684 3338 2704 3369 ,
2788 3281 3039 3369 Roma,
3121 3281 3653 3355 Drsrrnnnaon
3677 3339 3697 3369 ,

652 3410 746 3477 ut
794 3401 886 3475 de
933 3402 1216 3501 reliquis
1264 3409 1548 3479 taceam.

749 3522 1009 3620 Itaque
1071 3530 1306 3598 nostra
1369 3531 1592 3599 aetate
1651 3548 1792 3599 non
1839 3524 2066 3599 solum
2117 3532 2352 3600 renata
2398 3530 2505 3600 est
2545 3523 2993 3625 rhinoplastia
3017 3583 3036 3612 ‚
3105 3524 3230 3598 sed
3270 3530 3701 3599 exstructum

656 3647 942 3718 vastum
1001 3642 1328 3741 plasticae
1397 3644 1784 3745 chirurgiae
1853 3645 2243 3721 aedificium
2262 3704 2282 3735 ,
2360 3670 2538 3745 quae
2557 3705 2576 3734 ,
2660 3644 3107 3720 atrocissimis
3163 3643 3363 3719 malis
3422 3666 3704 3742 operam

657 3762 832 3835 dum
903 3760 1036 3835 fert
1054 3819 1075 3850 ,
1140 3763 1398 3838 auxilio
1461 3772 1570 3840 est
1640 3765 2115 3841 laborantibus
2182 3772 2394 3869 atque
2468 3766 2600 3841 arti
2652 3772 2927 3841 nostrae
2977 3763 3402 3863 chirurgicae
3447 3762 3708 3861 insigni

655 3880 946 3956 honori!
1025 3882 1249 3982 Atqui
1319 3883 1495 3960 forte
1568 3886 1657 3959 sit
1715 3886 1839 3984 qui
1896 3885 2082 3961 dicat
2144 3886 2466 3987 plasticas
2527 3886 2957 3985 operationes
3009 3885 3060 3959 d
3087 3909 3172 3958 eo
3221 3882 3509 3957 minoris
3555 3905 3707 3956 esse

664 4003 1008 4101 momenti
1079 4011 1150 4077 et
1207 4004 1414 4102 pretii
1434 4063 1455 4094 ,
1531 4029 1744 4105 quam
1804 4006 1982 4080 alius
2026 4007 2298 4106 generis
2341 4005 2770 4105 operationes
2790 4063 2811 4095 ‚
2878 4004 3073 4103 quod
3121 4026 3261 4077 non
3307 4002 3489 4076 fiunt
3529 4002 3709 4078 vitae

669 4124 1176 4199 conservandae
1241 4125 1504 4224 gratia;
1569 4126 1655 4201 iis
1722 4125 1893 4201 scito
1940 4126 2232 4201 alterum
2281 4126 2621 4224 procreari
2670 4124 2809 4199 bon
2818 4149 2938 4198 um
2958 4181 2978 4212 ‚
3029 4123 3169 4197 vita
3217 4122 3368 4222 ipsa
3413 4120 3525 4195 vix
3577 4121 3707 4195 rni-

665 4264 807 4316 nus
849 4243 1267 4341 pretiosum;
1333 4245 1639 4321 efficiunt
1693 4245 1957 4321 scilicet
1979 4304 2000 4335 ,
2046 4250 2130 4318 ut
2175 4244 2318 4320 vita
2362 4245 2594 4319 denuo
2641 4244 2997 4331 fruantur,
3047 4241 3305 4341 quibus
3326 4240 3466 4314 vita
3486 4239 3712 4314 fuerat

533 4377 551 4390 ““
670 4384 816 4435 non
864 4359 1124 4435 fructui
1171 4370 1244 4437 et
1287 4361 1642 4451 felicitati,
1695 4364 1819 4438 sed
1866 4364 2096 4440 taedio
2145 4372 2215 4437 et
2261 4362 2472 4437 oneri.

775 4479 1096 4555 Alterum
1139 4488 1246 4556 est
1280 4483 1498 4557 nostri
1548 4483 1880 4582 temporis
1924 4483 2318 4571 inventum,
2370 4505 2509 4581 quo
2550 4480 2994 4555 confirmatur
3015 4537 3036 4568 ,
3078 4479 3268 4578 quod
3291 4478 3365 4552 in
3388 4476 3714 4553 orationis

673 4597 966 4682 introitu
1006 4600 1209 4700 posui
1226 4658 1246 4689 ‚
1294 4601 1724 4700 chirurgiam
1775 4602 2030 4677 factam
2077 4627 2231 4677 esse
2250 4616 2473 4677 artem
2510 4607 3027 4675 conservantem
3069 4608 3141 4673 et
3179 4599 3676 4673 instaurantem
3690 4656 3711 4687 ‚

679 4718 1200 4817 orthopaediam
1245 4720 1402 4819 dico
1448 4723 1887 4820 operativam.

783 4835 1290 4938 Orthopaediae
1379 4840 1769 4939 operativae
1853 4840 2172 4917 inventae
2248 4838 2573 4915 meritum
2650 4846 2880 4915 totum
2944 4848 3052 4939 est
3110 4848 3383 4915 nostrae
3448 4838 3713 4915 aetatis.
