4766 6034
1852 688 2411 761 ORATIO.
3531 687 3660 754 157

714 902 1095 979 Academia
1136 888 1294 978 vero
1335 902 1696 978 ademtum
1736 900 1871 977 sibi
1909 902 2104 1002 luget
2145 902 2489 976 fautorem
2507 957 2530 988 ,
2569 904 2940 998 patronum
2959 957 2981 989 ,
3027 897 3370 973 vindicem
3392 954 3413 986 ,
3457 894 3658 995 cujus

614 1021 959 1098 desiderio
1008 1031 1340 1121 tanquam
1389 1023 1583 1122 gravi
1630 1023 1911 1098 vulnere
1962 1022 2195 1098 saucia
2244 1021 2370 1095 diu
2416 1018 2776 1095 moerebit.

718 1142 1009 1240 Semper
1048 1141 1177 1216 viri
1226 1141 1559 1216 memoria
1604 1141 1809 1217 nobis
1860 1141 1934 1216 in
1979 1135 2237 1217 honore
2280 1138 2431 1215 erit.
2532 1139 2748 1215 Vivet
2795 1141 2947 1240 ejus
2979 1165 3244 1216 nomen
3289 1139 3364 1212 in
3409 1136 3660 1211 animis

618 1261 873 1336 nostris
914 1270 1011 1336 et·
1031 1262 1425 1359 exemplum
1466 1261 1891 1351 stimulabit,
1942 1270 2023 1336 ut
2058 1261 2383 1362 imposito
2427 1258 2630 1334 nobis
2664 1261 2886 1336 officio
2931 1260 3228 1335 fideliter
3271 1266 3343 1332 et
3383 1266 3660 1333 strenue

618 1381 1018 1480 fungamur.
1150 1383 1226 1455 Si
1301 1381 1615 1457 dolemus
1685 1382 1961 1474 orbatos
2022 1407 2150 1458 nos
2223 1406 2373 1456 esse
2442 1379 2718 1455 virtutis
2791 1380 2942 1480 ejus
3013 1380 3276 1454 lumine
3294 1436 3315 1467 ,
3385 1377 3662 1452 orbatos

620 1501 974 1574 doctrinae
1040 1501 1381 1576 thesauris
1435 1502 1623 1576 unde
1677 1501 1879 1576 nobis
1931 1503 2119 1603 large
2172 1499 2702 1601 suppeditabat,
2753 1499 3030 1574 orbatos
3081 1499 3270 1573 dulci
3313 1497 3662 1573 familiari-

617 1625 763 1692 tate
830 1643 973 1717 qua
1034 1619 1323 1718 collegio
1383 1626 1618 1694 nostro
1677 1618 1965 1718 junctus
2026 1626 2214 1708 erat,
2277 1619 2584 1694 dolorem
2647 1619 2834 1694 hunc
2900 1617 3234 1696 solabitur
3294 1618 3656 1718 cogitatio:

619 1735 971 1837 quidquid
1019 1763 1061 1812 a
1106 1739 1261 1812 Deo
1306 1738 1568 1814 factum
1588 1798 1607 1828 ,
1657 1738 1837 1814 bene
1884 1739 2186 1816 factum!

721 1856 789 1928 O
832 1855 1168 1930 caducam
1215 1864 1287 1930 et
1326 1855 1641 1955 fragilem
1680 1881 1918 1932 rerum
1964 1857 2429 1933 humanarum
2471 1865 2724 1934 sortem
2749 1919 2770 1949 ,
2822 1885 3002 1960 quae
3044 1859 3353 1958 quotidie
3390 1868 3664 1934 nostrae

622 1998 749 2048 nos
816 1975 1257 2050 mortalitatis
1316 1976 1679 2051 admonet!
1772 1977 1848 2050 Si
1900 1977 2079 2052 vitae
2129 1977 2253 2052 lux
2290 1977 2451 2052 ideo
2497 1979 2938 2077 potissimum
2972 1979 3287 2080 jucunda
3337 1988 3407 2054 et
3455 1980 3664 2056 laeta-

620 2094 783 2168 bilis
848 2103 1007 2183 est,
1057 2097 1247 2194 quod
1312 2097 1627 2171 homines
1700 2106 1945 2172 mutuo
2010 2122 2241 2173 amore
2299 2099 2538 2198 jungit
2605 2109 2676 2174 et
2744 2101 3062 2199 copulat,
3128 2124 3360 2177 nonne
3423 2099 3669 2174 eadem

622 2239 861 2289 amara
928 2215 999 2289 e't
1053 2215 1364 2291 luctuosa
1383 2274 1403 2304 ,
1470 2239 1647 2314 quae
1685 2216 1967 2316 junctos
2021 2217 2327 2306 divellit,
2377 2217 2727 2317 quidquid
2775 2213 2932 2294 tibi‘
2956 2244 3194 2296 carum
3240 2228 3345 2294 est
3387 2219 3669 2305 adimit,

623 2333 847 2408 donec
914 2335 1064 2434 ipse
1125 2335 1287 2411 hinc
1347 2337 1707 2412 arcessaris
1727 2397 1747 2426 ,
1818 2345 1901 2412 ut
1958 2337 2217 2414 amicos
2270 2348 2342 2414 et
2396 2339 2750 2416 carissima
2794 2341 3086 2440 pignora
3133 2340 3206 2413 in
3251 2347 3668 2438 perpetuum

622 2454 976 2553 relinquas
998 2457 1033 2528 Ρ
1108 2457 1635 2532 ΒοῑΑΔιωεισε
1703 2459 1777 2532 in
1847 2457 2161 2534 meliores
2237 2459 2436 2534 sedes
2504 2459 2714 2548 abiit,
2791 2484 2930 2560 quo
2999 2485 3126 2535 nos
3189 2459 3406 2534 serius
3477 2458 3670 2534 ocius

624 2598 1025 2673 sequemur.
1126 2575 1235 2650 Sit
1280 2575 1381 2650 illi
1429 2575 1645 2652 bene!
3139 2585 3152 2598 ”

724 2695 848 2769 Ad
934 2719 1219 2770 vacuam
1297 2695 1609 2770 defuncti
1692 2699 1929 2773 sedem
2015 2697 2488 2799 occupandam
2565 2698 2840 2810 decreto
2919 2697 3145 2798 Regio
3218 2706 3500 2774 vocatus
3567 2707 3676 2774 est

622 2816 1084 2889 Burmannus
1134 2837 1277 2888 ‘rna
1320 2813 1552 2890 HAAR
1570 2874 1590 2904 ,
1642 2842 1853 2916 quem
1904 2819 2205 2894 delatam
2248 2817 2383 2893 sibi
2426 2818 2848 2919 provinciam
2891 2818 3272 2918 suscepisse
3315 2818 3674 2895 laetamur.

728 3054 931 3143 Tibi,
982 3053 1397 3129 amicissime
1438 3054 1865 3143 Donnaasr,
1918 3056 1977 3131 si
2020 3053 2342 3131 valetudo
2381 3053 2640 3129 intacta
2672 3053 2846 3143 fuit,
2896 3055 3173 3130 animus
3211 3062 3446 3131 tamen
3483 3058 3678 3155 gravi

630 3174 867 3249 dolore
937 3173 1286 3250 sauciatus
1349 3180 1474 3249 est.
1574 3174 1891 3249 Profecto
1954 3200 2043 3250 ex
2097 3174 2426 3249 omnibus
2443 3231 2464 3264 ,
2533 3198 2712 3273 quae
2781 3174 3046 3249 homini
3109 3174 3416 3276 optanda
3473 3182 3676 3263 sunt,

626 3294 809 3369 nihil
867 3292 1141 3368 dulcius
1160 3352 1180 3381 ,
1242 3293 1419 3368 nihil
1474 3295 1847 3394 optabilius
1896 3296 2178 3371 caritate
2234 3295 2496 3371 matris.
2595 3294 2794 3370 Haec
2836 3301 3073 3370 tenera
3118 3303 3394 3396 pectora
3446 3319 3678 3370 amore

626 3414 930 3504 imbuit,
1001 3415 1125 3514 qui
1190 3415 1599 3491 mortalibus
1668 3415 1760 3491 ad
1822 3416 2087 3516 optima
2148 3441 2465 3516 quaeque
2521 3416 2667 3491 dux
2713 3422 2820 3490 est
2835 3448 2855 3504 ;
2907 3416 3078 3491 haec
3126 3416 3368 3491 molles
3409 3416 3678 3492 animos

634 3559 801 3611 voce
836 3541 909 3607 et
952 3533 1269 3632 exemplo
1312 3532 1520 3633 fingit
1566 3541 1638 3608 et
1672 3534 1924 3609 format
1962 3540 2035 3609 et
2074 3534 2167 3609 ad
2205 3534 2447 3609 altiora
2486 3535 2726 3635 erigit;
2773 3535 2935 3611 hinc
2975 3536 3296 3613 ducimus
3331 3536 3682 3613 salubrem

628 3656 841 3731 illum
916 3677 1199 3728 succum
1218 3712 1239 3741 ‚
1312 3652 1435 3751 qui
1492 3653 1669 3728 vires
1726 3653 1849 3728 alit
1908 3660 1979 3727 et
2040 3662 2302 3730 recreat
2361 3661 2435 3729 et
2489 3655 2582 3729 ad
2629 3657 2904 3755 quidvis
2952 3659 3305 3757 agendum
3353 3657 3564 3733 fortes
3609 3666 3681 3733 et

632 3776 897 3851 alacres
951 3798 1076 3847 nos
1130 3771 1380 3849 reddit.
1479 3771 1724 3848 Amori
1782 3774 1969 3849 enim
2016 3772 2192 3850 nihil
2241 3774 2580 3863 arduum;
2643 3800 2834 3851 amor
2879 3784 3108 3876 sperat
3150 3778 3418 3867 omnia,
3469 3777 3680 3853 vincit

632 3918 895 3969 omma.

740 4011 907 4086 Tibi
949 4012 1277 4088 acerbum
1321 4013 1573 4089 vulnus
1609 4013 1863 4089 inflixit
1880 4020 1889 4025 '
1904 4012 2097 4089 dolor
2138 4014 2229 4089 ob
2274 4020 2570 4090 mortem
2613 4016 2852 4092 matris
2897 4040 3120 4116 nuper
3163 4016 3296 4091 tibi
3339 4016 3679 4093 ademtae.

637 4132 787 4205 Sed
862 4156 1287 4232 quamquam
1355 4133 1635 4210 ademta
1696 4132 1827 4208 tibi
1846 4192 1868 4224 ,
1937 4157 2078 4207 non
2137 4139 2374 4208 tamen
2436 4134 2660 4233 periit.
2782 4136 2996 4215 Quod
3055 4136 3320 4210 bonum
3377 4144 3484 4210 est
3537 4160 3680 4210 non

634 4252 981 4341 moritur3
1030 4253 1293 4329 nedum
1339 4254 1683 4353 optimum
1697 4312 1718 4342 ,
1770 4253 1961 4353 quod
2006 4251 2413 4327 mortalibus
2462 4252 2706 4329 datum
2757 4262 2900 4343 est,
2949 4253 3234 4353 periret!
3308 4252 3502 4328 Vivit
3546 4251 3680 4326 tibi

636 4378 870 4445 mater
935 4378 1007 4446 et
1065 4371 1337 4447 tamdiu
1394 4372 1575 4448 vivet
1591 4430 1612 4462 ,
1683 4373 1858 4448 dum
1910 4372 2183 4447 virtutis
2248 4370 2581 4449 scintillae
2600 4432 2621 4461 ‚
2690 4399 2863 4473 quas
2902 4373 2975 4447 in
3029 4371 3261 4447 animo
3305 4379 3436 4446 tuo'
3468 4370 3676 4460 fovit,
3745 4457 3754 4469 ‚

636 4514 787 4564 non
838 4489 1353 4590 extinguentur.
1612 4508 1622 4519 '

744 4608 1040 4684 Confide
1100 4610 1331 4685 animo
1390 4619 1462 4687 et
1504 4636 1717 4712 perge
1768 4611 2079 4689 alacriter
2125 4610 2526 4689 incumbere
2577 4612 2650 4685 in
2699 4634 2853 4688 eam
2902 4612 3333 4711 disciplinam
3352 4670 3373 4702 ,
3419 4612 3494 4687 in
3543 4638 3682 4712 qua

640 4729 909 4829 primas
956 4726 1266 4803 obtines!
