4766 6034
1658 873 2560 980 IUDICIA

912 1147 1053 1230 DE
1118 1147 2264 1235 COMMENTATIONIBUS
2326 1154 2468 1235 AD
2531 1152 3325 1247 QUAESTIONES

1450 1388 1589 1451 mn
1628 1390 1742 1452 XV
1782 1390 1867 1453 M.
1906 1390 2215 1453 APBILIS
2256 1395 2328 1454 A.
2370 1390 2794 1454 Mncchm

1829 1615 2405 1668 PnorosvrAS.

706 2089 891 2162 Ordo
950 2086 1437 2188 Philosophiae
1509 2090 1944 2169 manticae
2003 2102 2078 2169 et
2132 2092 2557 2169 ,litterarum
2622 2090 3122 2167 Humanior-um
3189 2089 3366 2167 duas
3428 2114 3638 2189 quae·

590 2206 853 2283 stiones
898 2206 1278 2307 proposuit.

689 2328 931 2403 Altera
951 2386 972 2417 ,
1037 2353 1078 2403 e
1138 2328 1385 2404 litteris
1452 2332 1769 2408 Graecis:
1836 2334 2049 2410 uIlias
2090 2334 2466 2412 Homerica
2511 2334 2613 2409 ita
2662 2331 3057 2432 exploretur
3077 2388 3099 2420 ‚
3151 2338 3275 2420 ut,
3324 2329 3640 2405 adhibito

589 2449 932 2548 opusculo
1001 2447 1193 2549 quod
1255 2449 1686 2527 inscribitur:
1777 2456 2333 2556 Betraobtunyen
2399 2455 2568 2529 iiber
2634 2453 2932 2528 Homero
2993 2452 3182 2526 Ilias
3255 2474 3381 2525 von
3451 2450 3645 2525 Kar!

588 2568 991 2644 Lachmann
1009 2627 1030 2659 ,
1098 2572 1225 2645 mit
1288 2571 1628 2648 Zusdtzen
1694 2598 1820 2649 von
1878 2577 2145 2651 Moritz
2198 2575 2450 2674 Haupt
2464 2631 2488 2665 ‚
2548 2574 2799 2649 Berlin
2816 2630 2838 2663 ,
2908 2573 3124 2681 1847,
3166 2569 3640 2669 consultisque

586 2689 680 2763 iis
742 2713 923 2788 quae
991 2690 1081 2763 de
1126 2690 1360 2781 ‘huius
1426 2693 1773 2794 scriptoris
1837 2696 2181 2772 sententia
2235 2694 2681 2771 continentur
2725 2690 2939 2766 libro:
2997 2692 3142 2767 Die
3193 2692 3643 2789 Saqenpoesie

587 2812 717 2919 afer
764 2809 1098 2911 Goiecllen
1136 2812 1423 2887 kaeitiech
1466 2814 1865 2913 daryestellt
1894 2840 2022 2890 voa
2070 2818 2153 2893 G.
2202 2816 2295 2892 W.
2321 2814 2610 2891 Mtzsch
2627 2870 2649 2903 ,
2697 2812 3229 2913 Braunschweiq
3273 2812 3597 2897 1852-53
3617 2870 3638 2901 ,

586 2927 770 3005 ratio
826 2936 901 3003 et
963 2930 1369 3032 compositio
1413 2930 1564 3008 eius
1612 2932 2127 3011 diiudicentur’'
2168 2960 2380 3012 unam
2422 2934 2590 3010 tulit
2631 2932 3177 3034 disputationem
3200 2990 3222 3024 ,
3271 2931 3636 3008 lemmate:

593 3080 633 3120 n
656 3051 873 3127 Unum
934 3061 1043 3128 est
1109 3076 1309 3130 omne
1360 3057 1684 3154 poema.”
1754 3056 2060 3156 Scriptor
2120 3056 2331 3133 huius
2395 3053 2888 3155 disputationis
2953 3077 3282 3170 magnam
3355 3053 3640 3130 omnino

590 3171 1031 3271 diligentiam
1079 3172 1430 3272 probavit,
1480 3200 1705 3275 quum
1745 3201 1885 3252 non
1942 3177 2109 3254 satis
2150 3176 2418 3252 habens
2468 3175 2648 3251 duos
2699 3173 3062 3274 scriptores
3103 3173 3178 3246 in
3223 3173 3378 3273 ipsa
3428 3197 3638 3273 quae-

586 3293 818 3369 stione
858 3301 1277 3371 memoratas
1316 3296 1674 3372 consulere
1692 3355 1714 3386 ‚
1763 3297 1932 3372 alios
1964 3304 2319 3398 praeterea
2353 3293 2775 3373 adhibuerit.
2847 3294 2988 3369 Sed
3025 3293 3196 3368 huic
3239 3293 3640 3393 diligentiae

586 3415 807 3490 etiam
868 3413 1155 3490 caeteris
1203 3414 1279 3490 in
1333 3414 1543 3492 rebus
1589 3413 2001 3518 conspicuae
2050 3417 2290 3493 iudicii
2327 3418 2484 3493 laus
2528 3439 2670 3490 non
2717 3439 2842 3514 par
2895 3413 3286 3490 accedebat.
3389 3414 3640 3513 Itaque

584 3537 661 3610 in
716 3535 873 3636 ipso
921 3543 1332 3636 argumento
1378 3538 1736 3614 tractando
1785 3538 1883 3614 sic
1935 3545 2245 3615 versatus
2288 3544 2398 3613 est
2416 3596 2438 3628 ‚
2491 3543 2572 3611 ut
2614 3538 2956 3612 rationem
3000 3532 3326 3611 carminis
3371 3533 3638 3609 Home-

582 3657 715 3732 rici
756 3683 801 3733 a
844 3659 1323 3758 compositione
1361 3681 1503 3732 non
1540 3658 1672 3732 rite
1720 3658 2217 3758 distingueret,
2264 3656 2511 3734 alienis
2555 3656 2988 3756 argumentis
3037 3655 3206 3732 satis
3245 3654 3469 3730 firmis
3512 3678 3642 3730 sua

582 3785 972 3878 opponeret
1042 3777 1421 3855 infirmiora
1436 3837 1458 3868 ‚
1526 3785 1879 3879 praeterea
1938 3779 2015 3853 in
2071 3778 2381 3855 locorum
2456 3776 2996 3854 Homericorum
3074 3773 3638 3877 interpretatione

583 3922 873 3998 operam
918 3922 1072 3974 raro
1118 3905 1405 3998 poneret
1449 3906 1522 3974 et
1572 3898 1845 3999 quoties
1891 3905 2179 3998 poneret
2221 3898 2434 3975 nimis
2475 3897 2865 3974 fluctuaret.
2925 3897 3238 3973 Tandem
3285 3896 3360 3970 in
3402 3895 3640 3971 Latini

584 4017 932 4092 sermonis
978 4041 1117 4093 usu
1169 4025 1241 4091 et
1292 4016 1782 4118 disputationis
1828 4019 2050 4095 forma
2096 4021 2299 4121 plura
2342 4015 2938 4094 desiderabantur.

688 4136 1171 4216 Quamobrem
1210 4137 1593 4237 disputatio
1630 4125 1883 4213 Ordini
1909 4137 2122 4238 digna
2156 4139 2302 4214 visa
2342 4162 2486 4212 non
2528 4144 2637 4213 est
2678 4159 2858 4236 quae
2897 4135 3285 4235 praemium
3311 4133 3631 4210 auferret.

580 4259 842 4336 Quum
910 4265 1147 4332 tamen
1220 4259 1525 4334 multum
1589 4258 1866 4335 abesset
1925 4264 2007 4334 ut
2056 4259 2248 4334 omni
2290 4257 2498 4334 laudo
2543 4255 2836 4356 indigna
2883 4262 3279 4331 censeretur
3301 4312 3324 4343 ,
3372 4254 3635 4354 placuit

582 4385 668 4454 ut
712 4377 1089 4453 honorifica
1128 4377 1278 4453 eius
1312 4377 1573 4454 mentio
1615 4380 1832 4456 fieret.
1907 4379 2326 4480 Scriptorem
2368 4403 2445 4454 se
2481 4375 2676 4452 omni
2713 4399 2801 4451 ex
2843 4383 3040 4476 parte
3077 4374 3396 4475 probavit
3430 4396 3632 4449 orna-

576 4498 907 4574 tissimus
956 4499 1280 4574 Iommes
1320 4498 1725 4576 Dnonarus
1774 4501 2061 4577 Horum
2078 4557 2101 4590 ,
2145 4499 2317 4578 Litt.
2362 4498 2585 4575 Hum.
2625 4495 2713 4572 in
2758 4496 2887 4572 hac
2937 4495 3317 4572 Academia
3361 4493 3583 4569 Cand.

616 4655 641 4668 κ
686 4617 813 4692 Ad
882 4616 1169 4693 alteram
1238 4618 1713 4718 quaestionem
1735 4679 1757 4711 ‚
1829 4646 1870 4695 e
1937 4619 2185 4697 litteris
2254 4615 2765 4696 Orientalibus:
2807 4703 2816 4710 .
2853 4617 3274 4692 uEnarretur
3334 4617 3638 4689 muneris

573 4736 938 4810 iudicialis
978 4735 1170 4835 apud
1216 4735 1581 4813 Hebraeos
1626 4737 1913 4814 historia
1963 4763 2091 4839 per
2135 4763 2219 4815 ea
2264 4747 2582 4838 tempora
2615 4760 2917 4838 quorum
2960 4737 3036 4813 in
3078 4736 3166 4815 V.
3193 4738 3275 4812 F.
3322 4742 3638 4835 superest

576 4855 925 4932 memoria
944 4913 965 4946 ‚
1014 4880 1157 4958 quo
1206 4859 1443 4956 pateat
1492 4858 1671 4938 illud
1714 4883 1974 4965 munus
2020 4886 2063 4937 a
2107 4859 2532 4961 quibusnam
2550 4918 2572 4955 ,
2621 4883 2764 4962 quo
2806 4859 2958 4936 iure
2996 4864 3069 4934 et
3113 4881 3254 4961 qua
3293 4861 3639 4958 potestate

3049 4980 3146 5054 26
