4766 6034
1807 1453 2241 1559 ACTA
2339 1455 2534 1561 ET
2633 1454 3158 1565 GESTA

1396 1722 1486 1783 IN
1528 1720 2089 1784 CONVENTIBUS
2130 1721 2579 1783 CLARISSIMI
2621 1720 2943 1783 ORDINIS
2983 1719 3551 1783 PROFESSORUM

1386 1952 1906 2038 'ATHENAEI
1958 1954 2478 2037 lLLUSTRlS
2527 1952 3506 2045 AMSTELODAMENSIS.

2115 2193 2227 2252 AN
2230 2192 2287 2253 N
2290 2191 2342 2252 Ο
2386 2189 2817 2252 MDcchm.

942 2711 1075 2785 Die
1134 2716 1223 2784 19
1292 2737 1387 2785 m.
1440 2710 1799 2786 Februarii
1860 2713 2145 2787 Praeses
2194 2711 2444 2785 Ordini
2483 2710 2763 2784 nuntiat
2810 2736 2884 2786 se
2929 2718 3317 2811 opportuno
3361 2716 3672 2811 tempore
3719 2718 3792 2785 et
3833 2711 3988 2787 loco

1286 2830 1709 2930 significasse
1730 2889 1751 2920 ‚
1803 2856 2014 2930 quem
2068 2831 2371 2906 dolorem
2415 2830 2608 2904 Ordo
2651 2831 3028 2930 perceperit
3073 2855 3159 2905 ex
3204 2829 3404 2906 obitu
3442 2830 3595 2905 Viri
3635 2829 3743 2905 Cl.
3781 2831 3870 2907 D.
3911 2832 3984 2907 J.

1282 2974 1431 3027 VAN
1488 2952 1820 3041 menr,
1891 2950 2301 3026 Professoris
2356 2948 2663 3038 emeriti,
2723 2949 3034 3027 defuncti
3085 2952 3154 3028 d.
3205 2950 3300 3025 10
3350 2948 3662 3025 eiusdem
3699 2950 3986 3025 mensiS.

1284 3073 1505 3147 Cuius
1556 3073 1684 3148 viri
1718 3098 1843 3173 per
1871 3073 2151 3172 longam
2194 3077 2491 3146 aetatem
2537 3071 2626 3144 de
2668 3069 3028 3146 Athenaeo
3071 3071 3334 3172 optime
3379 3071 3610 3146 meriti
3652 3071 3990 3145 memoria
4011 3095 4028 3126 ⁸

1284 3193 1495 3292 digne
1540 3192 1882 3274 celebrata
1927 3201 2035 3268 est
2069 3219 2112 3269 a
2150 3192 2318 3268 Viro
2356 3191 2591 3290 Ampl.
2631 3189 2730 3265 H.
2779 3189 2847 3265 J.
2890 3190 3242 3281 Konmm,
3304 3192 3722 3266 curatorum
3773 3191 3984 3275 Prae÷

1282 3313 1429 3388 side
1446 3372 1465 3403 ,
1514 3312 1753 3390 habita
1792 3314 1903 3388 die
1950 3317 1985 3387 1
2000 3317 2037 3387 1
2096 3313 2357 3412 Aprilis
2397 3311 2731 3386 Oratione
2784 3309 3064 3385 funebri
3097 3311 3172 3384 in
3215 3309 3556 3384 auditorio
3595 3309 3940 3386 Athenaei
3959 3370 3986 3399 ,

1280 3456 1459 3530 quae
1508 3433 1647 3508 iam
1696 3440 1969 3533 recepta
2016 3441 2123 3508 est
2165 3434 2241 3508 in
2291 3431 2642 3508 volumine
2689 3430 3069 3506 Annalium
3117 3430 3432 3533 proxime
3479 3430 3836 3530 superiori.

933 3671 1069 3744 Die
1126 3673 1217 3744 10
1285 3695 1378 3746 m.
1461 3672 1782 3748 Octobris
1848 3620 2225 3750 recitantur
2286 3675 2522 3750 literae
2591 3672 3005 3746 Curatorum
3021 3728 3042 3761 ,
3124 3669 3384 3772 quibus
3461 3669 3828 3746 nuntiatur
3900 3669 3982 3742 in

1283 3791 1512 3866 locum
1564 3792 1715 3868 Viri
1768 3795 2007 3895 Ampl.
2059 3794 2127 3869 J.
2180 3795 2249 3870 J.
2306 3795 2659 3868 Urrwmu·
2720 3792 3126 3881 Srnanmc,
3175 3790 3522 3880 defuncti,
3567 3788 3661 3866 ab
3713 3789 3986 3864 Senatu

1274 3913 1907 3992 Amstelodamensi
1973 3916 2381 3991 Curatorem
2449 3939 2600 3992 esse
2656 3921 2966 3989 creatum
3016 3913 3264 3988 Virum
3313 3911 3550 4012 Ampl.
3606 3910 3686 3987 C.
3737 3909 3838 3987 H.
3887 3909 3978 3982 B.

1276 4034 1501 4110 Boor.
