4766 6034
1932 607 2493 677 onArro.
3642 608 3803 696 ω,

691 813 1014 890 Veterem
1063 813 1533 890 oeconomiam
1587 814 2010 892 intercedere
2060 815 2676 894 necessitudinem:
2745 839 2973 915 neque
3028 823 3265 892 tamen
3316 811 3718 905 reticuerat,

687 932 830 1008 fore
890 941 975 1010 ut
1040 932 1232 1009 brevi
1269 932 1480 1008 huius
1524 933 1990 1008 caeremoniae
2035 941 2108 1008 et
2150 935 2326 1009 ritus
2369 933 2842 1009 abolerentur:
2898 933 2990 1010 ab
3040 959 3182 1010 uno
3231 936 3422 1011 enim
3462 935 3723 1035 populo

689 1052 1013 1129 Hebraeo
1071 1054 1162 1129 ad
1219 1077 1461 1128 omnes
1526 1061 1770 1154 gentes
1835 1051 2375 1127 transferendam
2432 1077 2583 1128 esse
2634 1078 2866 1128 veram
2919 1054 3343 1154 religionem.
3446 1056 3547 1130 At
3587 1053 3727 1154 ipsi

689 1171 1064 1246 Christiani
1081 1230 1102 1261 ,
1147 1169 1235 1247 V.
1293 1171 1717 1246 Testamenti
1759 1172 1954 1248 libris
1995 1173 2206 1248 sacris
2257 1181 2535 1249 utentes
2553 1232 2576 1263 ,
2625 1174 2829 1273 quale
2882 1184 3067 1250 esset
3118 1176 3486 1250 vinculum·
3526 1175 3723 1250 istud

688 1290 918 1366 minus
961 1291 1508 1390 perspiciebant,
1555 1314 1686 1366 nec
1727 1293 1765 1365 I
1783 1317 1822 1366 e
1841 1317 1874 1368 s
1889 1317 1940 1367 ιι
1975 1293 2184 1368 effata
2217 1293 2451 1369 omnia
2486 1301 2556 1367 et
2600 1301 2821 1396 totam
2856 1295 3201 1370 Ecclesiae
3246 1293 3722 1371 conditionem

687 1433 848 1485 cum
901 1411 973 1487 S.
1033 1409 1387 1486 literarum
1443 1417 1644 1486 textu
1706 1411 1783 1485 in
1837 1411 2288 1488 ”concordiam
2336 1412 2649 1512 redigere
2705 1420 3043 1512 poterant.
3146 1415 3591 1515 Quapropter
3638 1423 3723 1488 ut

685 1530 958 1606 nodum
1007 1531 1272 1606 huncce
1325 1530 1763 1629 expedirent,
1825 1530 1945 1606 alii
1993 1531 2186 1607 aliud
2225 1531 2726 1614 moliebantur:
2778 1533 2971 1608 fuere
2993 1590 3014 1620 ,
3065 1533 3187 1631 qui
3227 1534 3300 1607 in
3342 1533 3431 1609 V.
3480 1535 3721 1610 Testa-

671 1649 902 1724 -menti
957 1648 1156 1724 litera
1194 1673 1335 1725 seu
1389 1673 1600 1724 sensu
1663 1649 2114 1750 grammatico
2183 1650 2703 1727 subsistendum
2770 1677 2921 1728 esse
2974 1660 3307 1751 negarent
3356 1660 3428 1728 et
3476 1652 3569 1729 ad
3614 1653 3721 1730 in-

685 1769 1240 1870 terpretationem
1280 1768 1732 1869 confugerent
1769 1769 2206 1869 allegoricam
2245 1778 2316 1845 et
2351 1771 2693 1870 typicam3
2745 1794 2977 1870 neque
3023 1771 3489 1872 intelligentes
3508 1830 3528 1861 ,
3578 1796 3722 1871 quo

685 1911 891 1964 sensu
944 1895 1174 1963 totum
1226 1889 1312 1962 V.
1354 1889 1433 1965 T.
1497 1911 1721 1964 unum
1777 1889 1978 1989 quasi
2033 1890 2437 1965 vaticinium
2482 1890 2575 1964 sit
2620 1891 2697 1964 in
2747 1891 2949 1966 Novo
2994 1891 3364 1990 impletum
3386 1950 3407 1981 ,
3456 1891 3531 1966 in
3580 1892 3721 1968 sin·

681 2009 862 2109 gulis
927 2005 1374 2084 caeremoniis
1437 2034 1480 2084 a
1543 2008 1696 2108 lege
1772 2009 2212 2111 praescriptis
2235 2067 2254 2099 ,
2323 2009 2398 2084 in
2468 2009 2667 2096 factis
2740 2035 3017 2111 quoque
3085 2018 3354 2111 partem
3414 2011 3722 2113 aliquam

683 2128 1029 2204 doctrinae
1081 2128 1514 2204 Christianae
1561 2128 1886 2202 viderunt
1931 2109 2489 2227 praefiguratam.
2589 2130 2794 2207 Quae
2832 2127 3065 2228 opinio
3081 2187 3102 2220 ‚
3154 2155 3365 2228 quam
3399 2129 3721 2206 absurdis

681 2247 1364 2348 interpretationibus
1383 2305 1403 2336 ,
1479 2246 1810 2346 quoniam
1885 2272 1970 2323 eo
2041 2248 2323 2323 nomine
2395 2247 2695 2324 insulsos
2762 2247 3029 2347 ingenii
3106 2249 3303 2324 lusus
3374 2249 3721 2350 appellare

679 2367 974 2468 placuit,
1040 2390 1286 2442 ansam
1348 2365 1776 2466 praebuerit,
1845 2366 1954 2441 vel
2010 2392 2098 2442 ex
2152 2390 2292 2442 una
2341 2364 2849 2453 Barnabae,
2898 2389 3078 2464 quae
3117 2365 3374 2455 fertur,
3428 2367 3719 2466 epistola

680 2493 992 2586 apparet,
1062 2510 1242 2584 quae
1309 2485 1711 2560 huiusmodi
1775 2485 2112 2561 librorum
2181 2508 2434 2585 agmen
2497 2484 2761 2558 ducens
2782 2543 2803 2573 ‚
2878 2485 3193 2560 omnium
3267 2486 3485 2562 instar
3567 2509 3719 2563 esse

677 2611 938 2703 potest,
986 2605 1149 2679 licet
1196 2612 1436 2703 postea
1471 2603 1802 2680 Iustini
1845 2601 2264 2702 Martyris
2303 2601 2735 2701 aliorumque
2788 2601 3040 2702 scripta
3074 2604 3381 2703 palmam
3413 2604 3483 2679 ei
3518 2627 3716 2706 prae-

677 2723 1028 2824 ripuerint.
1127 2724 1366 2823 Atque
1425 2723 1501 2800 hi
1557 2723 1846 2823 quidem
1905 2721 2270 2798 orthodoxi
2319 2728 2486 2796 sunt
2535 2720 2797 2810 habiti3
2848 2721 2967 2796 alii
3014 2747 3173 2798 vero
3191 2782 3211 2813 ‚
3263 2723 3387 2823 qui
3433 2726 3524 2799 de
3574 2724 3717 2800 dis-

677 2843 904 2918 cordia
920 2902 941 2932 ,
979 2867 1223 2943 -quam
1285 2844 1466 2936 inter
1531 2850 1900 2948 utramque
1961 2841 2436 2916 oeconomiam
2511 2840 2873 2924 observare
2944 2841 3080 2916 sibi
3138 2843 3269 2917 visi
3331 2850 3528 2919 erant
3545 2901 3568 2933 ,
3634 2869 3720 2921 ea

675 2962 933 3039 ratione
987 2963 1462 3063 componenda
1510 2961 1968 3064 desperabant
1983 3020 2006 3051 ,
2074 2984 2302 3059 neque
2349 2969 2583 3037 tamen
2630 2961 2767 3061 ipsi
2820 2961 3001 3037 viam
3044 2962 3312 3061 regiam
3356 2988 3401 3039 a
3450 2951 3718 3039 semitis

678 3080 1056 3157 discernere
1118 3082 1475 3171 valebant,
1540 3083 1628 3159 V.
1683 3083 2112 3159 Testamenti
2171 3082 2513 3181 originem
2580 3079 2885 3155 divinam
2942 3080 3017 3153 in
3078 3081 3375 3157 dubium
3432 3106 3673 3157 vocare
3689 3139 3713 3171 ,

679 3199 990 3299 illudque
1019 3201 1178 3277 deo
1237 3202 1518 3278 cuidam
1583 3201 1922 3277 inferioris
1980 3199 2242 3276 ordinis
2260 3258 2280 3289 ,
2347 3201 2491 3275 sive
2562 3201 2749 3287 Θεὸς
2802 3197 3279 3301 δημιουργός
3300 3258 3321 3289 ,
3385 3200 3527 3275 sive
3576 3200 3713 3277 alio

679 3320 956 3396 nomine
1012 3320 1368 3396 dicebatur
1389 3379 1408 3411 ,
1470 3322 1734 3398 auctori
1799 3321 2100 3397 tribuere
2161 3320 2589 3419 inceperunt.
2689 3320 2779 3393 In
2843 3318 3117 3393 Veteris
3172 3344 3337 3421 ergo
3383 3319 3713 3396 Foederis

677 3462 816 3515 usu
848 3464 1068 3539 quum
1113 3441 1532 3516 orthodoxae
1577 3465 1720 3517 non
1761 3440 1996 3515 minus
2034 3464 2250 3539 quam
2293 3420 2657 3515 haeriticae
2696 3442 3046 3539 γνώσεως
3090 3440 3283 3540 origo
3316 3440 3713 3539 quaerenda

677 3558 804 3647 sit,
867 3566 1256 3635 accuratam
1319 3561 1470 3635 eius
1531 3559 1998 3659 cognitionem
2043 3560 2146 3635 illi
2160 3617 2180 3648 ,
2230 3559 2356 3659 qui
2398 3558 2578 3634 hanc
2617 3558 2941 3634 historiae
2986 3560 3505 3635 Ecclesiasticae
3553 3584 3712 3661 par·-

664 3684 816 3755 tem
863 3688 1282 3755 tractaturus
1337 3687 1444 3755 est
1461 3738 1482 3771 ‚
1531 3680 1874 3779 imprimis
1923 3679 2382 3756 necessariam
2430 3704 2580 3754 asse
2632 3703 2875 3753 omnes
2922 3679 3098 3754 mihi
3149 3680 3561 3758 concedetis.

767 3799 968 3875 Idem
1031 3800 1122 3873 de
1178 3800 1418 3875 multis
1477 3798 1629 3875 aliis
1678 3799 1992 3875 eiusdem
2035 3798 2359 3875 historiae
2406 3798 2727 3899 partibus
2772 3800 3109 3874 affirmare
3152 3800 3387 3876 nullus
3434 3799 3704 3876 dubito.

673 3916 1034 3992 Attendite
1096 3919 1191 3993 ad
1250 3918 1596 3995 Ecclesiae
1667 3920 1976 4019 regimen
2033 3920 2124 3994 ad
2191 3944 2583 4019 synagogae
2631 3918 2957 3993 Iudaicae
3005 3944 3323 3995 normam
3366 3918 3707 4019 composi-

675 4045 866 4124 tum;
935 4036 1030 4111 ad
1084 4038 1536 4113 hierarchiam
1599 4039 1988 4114 Romanam
2001 4096 2022 4127 ,
2087 4039 2288 4114 cuius
2343 4046 2657 4114 auctores
2712 4046 3013 4113 veterem
3074 4038 3521 4114 theocratiam
3570 4037 3708 4125 sibi

673 4164 1176 4255 proposuerunt
1247 4157 1699 4261 imitandam3
1770 4158 1862 4233 ad
1931 4157 2020 4233 V.
2090 4160 2518 4234 Testamenti
2590 4158 2924 4234 librorum
2998 4182 3207 4232 usum
3264 4160 3394 4255 'per
3460 4180 3703 4231 omnes
3821 4162 3827 4168 '

672 4274 1016 4350 Ecclesiae
1074 4284 1334 4351 aetates
1388 4276 2068 4376 frequentissimum3
2129 4279 2222 4353 ad
2273 4277 2746 4353 efficacitatem
2766 4334 2787 4365 ,
2836 4302 3045 4375 quam
3097 4276 3172 4349 in
3220 4298 3445 4349 mores
3500 4274 3700 4348 Chri-

673 4392 1052 4469 stianorum
1090 4395 1484 4486 formandos
1530 4420 1671 4472 non
1709 4397 1975 4486 minus,
2024 4420 2241 4495 quam
2275 4396 2350 4469 in
2400 4395 2866 4493 dogmaticam
2906 4392 3455 4469 Ecclesiasticam
3504 4416 3699 4468 exer-

671 4514 835 4589 cuit.
937 4514 1172 4589 Multa
1226 4515 1336 4589 his
1391 4515 1618 4590 inesse
1679 4516 1914 4591 minus
1975 4513 2332 4615 probanda
2380 4538 2609 4612 neque
2660 4538 2848 4590 nunc
2889 4513 3269 4590 revocanda
3286 4572 3306 4603 ,
3354 4538 3497 4590 non
3541 4514 3699 4588 infi-

671 4631 838 4707 tior:
901 4634 1030 4709 hoc
1081 4659 1240 4709 vero
1293 4634 1636 4709 contendo
1649 4692 1670 4723 ,
1733 4660 1966 4710 rerum
2030 4634 2565 4711 Israeliticarum
2621 4641 2695 4708 et
2742 4634 2831 4711 V.
2884 4632 3311 4710 Testamenti
3363 4640 3701 4734 perpetuo
3770 4686 3785 4699 -

673 4751 1008 4829 rationem
1074 4752 1468 4831 habendam
1531 4780 1682 4831 esse
1741 4754 1876 4831 illis
1895 4814 1916 4845 ‚
1987 4756 2112 4854 qu‘i
2169 4754 2639 4856 antiquiorum
2692 4760 3087 4857 temporum
3139 4754 3501 4855 ingenium
3554 4777 3697 4829 non

3268 4874 3311 4947 8
