4766 6034
1254 605 1383 675 178
2336 603 2405 672 G.
2477 603 2752 672 STAR
2819 605 3194 674 NUMAN

1260 813 1632 888 damnosae
1651 868 1672 899 ,
1730 808 1867 884 nisi
1933 814 2185 884 natura
2254 809 2427 884 iuris
2489 811 2582 886 ad
2653 817 2914 888 statum
2980 819 3192 910 atque
3263 815 3576 884 naturam
3617 833 3852 886 rerum
3899 835 4074 912 quae
4111 813 4231 891 iure

1254 930 1675 1006 ordinandae
1720 935 1885 1004 sunt
1902 987 1923 1018 ,
1958 930 2535 1008 accommodetur.
2635 931 2834 1008 Haec
2870 957 3030 1008 vero
3079 931 3140 1006 si
3181 931 3366 1005 inter
3391 955 3464 1006 se
3486 940 3918 1031 repugnent,
3971 933 4032 1007 si
4065 933 4230 1034 legis·

1253 1052 1431 1126 lator
1476 1049 1753 1134 levitate
1771 1107 1792 1137 ,
1850 1049 2239 1148 ignorantia
2282 1051 2502 1151 egerit
2547 1076 2710 1127 eave
2757 1051 3082 1152 superbia
3127 1074 3268 1149 qua
3305 1049 3485 1124 iuris
3527 1051 3864 1126 naturalis
3913 1052 4230 1152 scriptores

1248 1169 1595 1268 multique
1635 1168 2058 1268 legislatores
2088 1170 2498 1246 recentiores
2541 1171 2758 1247 vitam
2793 1172 3080 1271 iuraque
3131 1169 3372 1271 populi
3415 1170 3506 1245 ad
3546 1180 4070 1271 praeconceptos
4103 1197 4233 1248 suos

1250 1289 1341 1364 de
1402 1289 1575 1365 iuris
1634 1313 2005 1388 rerumque
2062 1298 2311 1366 natura
2372 1314 2632 1366 errores
2681 1300 3131 1391 contorquere
3181 1289 3412 1366 conati
3455 1295 3621 1364 sunt
3639 1349 3660 1378 ,
3717 1291 3898 1366 nihil
3940 1291 4076 1366 fere
4111 1314 4233 1389 per·

1248 1409 1585 1485 niciosius
1627 1409 1916 1509 cogitari
1958 1416 2187 1516 potest
2227 1416 2351 1485 aut
2397 1408 2842 1486 temerarium
2885 1410 3132 1511 magis.
3215 1409 3432 1486 Nullo
3471 1409 3661 1484 enim
3703 1409 3838 1486 alio
3877 1410 4033 1485 iure
4065 1411 4232 1510 legis·

1250 1530 1427 1604 lator
1497 1529 1739 1630 populi
1800 1529 2121 1605 instituta
2190 1554 2317 1605 suo
2389 1529 2728 1612 arbitratu
2795 1530 2978 1630 regit
3055 1553 3266 1628 quam
3339 1529 3836 1628 grammaticus
3923 1529 4232 1628 linguam,

1248 1648 1561 1724 medicus
1626 1649 1927 1748 corporis
1997 1649 2284 1725 humani
2344 1649 2930 1726 constitutionem.
3042 1649 3358 1725 Pericula
3403 1672 3678 1747 semper
3721 1655 3888 1724 sunt
3925 1648 4235 1724 facienda.

1246 1792 1463 1869 ergo
1490 1769 1648 1868 quis
1713 1769 2185 1868 improbabit?
2284 1769 2504 1844 Modo
2565 1795 2612 1844 a
2666 1769 2890 1847 doctis
2961 1768 3528 1868 sapientibusque
3597 1767 3760 1842 viris
3832 1793 4046 1867 quam
4103 1793 4234 1867 pru·

1249 1887 1657 1962 dentissime
1720 1889 1933 1976 fiant,
1997 1888 2123 1986 qui
2187 1913 2598 1988 persuasum
2657 1889 2792 1964 sibi
2847 1887 3110 1967 habent
3173 1888 3466 1988 populos
3538 1911 3678 1963 non
3737 1890 4079 1962 machinas
4115 1911 4237 1962 esse

1244 2031 1375 2082 nec
1438 2007 1751 2081 homines
1812 2031 2025 2090 ranas
2040 2063 2061 2096 ,
2124 2009 2247 2082 sed
2314 2009 2548 2083 divino
2615 2009 2863 2109 spiritu
2919 2009 3134 2084 vitam
3199 2031 3439 2083 eorum
3494 2008 3686 2082 intus
3727 2007 3824 2082 ali
3863 2015 3936 2080 et
3995 2006 4235 2082 moveri

1248 2127 1596 2206 Quocirca
1638 2127 1883 2202 merito
1926 2126 1979 2200 ii
2022 2127 2263 2226 populi
2310 2128 2686 2204 laudantur
2732 2129 2858 2228 qui
2899 2135 3062 2204 ante
3107 2127 3520 2227 perscrutari
3560 2127 3634 2201 in
3682 2151 3962 2202 omnem
4007 2134 4238 2226 partem

1250 2269 1493 2321 verum
1550 2270 1785 2321 rerum
1842 2235 2103 2321 statum
2152 2247 2412 2338 solent,
2472 2250 2560 2323 de
2599 2248 2860 2347 quibus
2904 2247 3293 2326 excolendis
3335 2247 3603 2346 agitur,
3657 2271 3872 2346 quam
3909 2248 4024 2324 ius
4065 2269 4239 2321 suum

1246 2373 1525 2440 mutent
1542 2424 1563 2454 ,
1604 2364 1865 2463 quique
1916 2374 2202 2440 censent
2244 2366 2317 2441 in
2372 2366 2582 2441 rebus
2619 2367 2816 2441 novis
2850 2358 3350 2442 constituendis
3393 2361 3784 2439 evidentem
3821 2388 3976 2441 csso
4025 2361 4238 2438 debere

1238 2484 1639 2561 utilitatem.
1740 2485 1845 2560 Hi
1890 2485 2079 2562 enim
2132 2486 2263 2561 hoc
2298 2487 2547 2562 saltem
2589 2488 2920 2586 consequi
2965 2486 3194 2561 solent
3245 2489 3328 2558 ut
3371 2483 3668 2558 mutatio
3711 2507 3948 2558 revera
3995 2483 4082 2558 sit
4127 2489 4238 2558 sta·

1244 2604 1408 2679 bilis
1468 2604 1863 2679 emendatio
1916 2630 2057 2703 qua
2126 2613 2237 2698 (ut
2296 2606 2692 2682 Crcnnoms
2757 2606 2983 2681 verbis
3033 2611 3219 2698 utar)
3267 2603 3656 2704 praesentia
3698 2603 4087 2703 praeteritis
4123 2609 4242 2678 tam

1244 2729 1409 2822 apte
1460 2730 1839 2798 nectuntur
1892 2731 1976 2797 ut
2026 2724 2283 2800 futuris
2327 2727 2591 2826 optime
2627 2726 3101 2826 prospiciatur.
3203 2725 3462 2798 Contra
3504 2722 3628 2822 qui
3673 2723 3861 2822 leges
3901 2724 4130 2798 ferunt
4169 2723 4239 2796 de

1242 2843 1542 2942 negotiis
1559 2901 1581 2933 ,
1654 2842 1995 2920 institutis
2016 2903 2037 2933 ,
2109 2870 2408 2944 quorum
2471 2847 2794 2945 ignorant
2853 2853 3177 2922 naturam
3193 2902 3215 2934 ,
3279 2843 3406 2942 qui
3456 2843 3798 2942 populum
3855 2867 4004 2919 non
4056 2842 4242 2942 pluris

1243 2961 1511 3040 faciunt
1577 2987 1789 3065 quam
1850 2964 2157 3041 chartam
2222 2965 2338 3041 cui
2397 2965 2741 3064 quidlibet
2797 2963 3190 3042 inscribere·
3228 2963 3536 3062 possint,
3583 2969 3668 3038 ut
3707 2963 3794 3039 de
3835 2963 3886 3037 J
3885 2987 4150 3041 osnrno
4179 2963 4244 3037 Π

1240 3082 1691 3160 Gummi
1750 3086 1829 3159 II
1901 3085 2452 3186 pronuntiavisse
2509 3078 2864 3175 narratur,
2939 3086 3014 3160 hi
3071 3082 3417 3161 continuis
3485 3070 3818 3159 fluctibus
3837 3141 3862 3173 ‚
3924 3084 4240 3184 procellis,

1234 3204 1546 3279 motibus
1581 3204 1956 3281 ’societates
1998 3213 2378 3305 exponunt.

1328 3442 1529 3518 Haec
1567 3443 1783 3541 igitur
1818 3444 1907 3519 de
1944 3451 2193 3520 natura
2237 3444 2538 3520 hominis
2579 3443 2809 3520 sociali
2825 3501 2846 3532 ,
2895 3442 2985 3518 de
3022 3438 3322 3517 naturali
3359 3439 3767 3517 societatum
3803 3442 4240 3519 humanarum

1240 3568 1401 3634 ortu
1458 3570 1667 3660 atque
1723 3566 2240 3663 progressione,
2286 3566 2514 3665 deque
2561 3564 3026 3639 doctrinarum
3070 3560 3426 3637 socialium
3463 3586 3624 3637 cum
3670 3585 3753 3636 ea
3788 3562 4242 3637 coniunctione

1245 3676 1855 3754 animadvertenda
1898 3681 2328 3758 videbantur.
2429 3682 2594 3758 Vita
2625 3681 2907 3757 socialis
2957 3680 3246 3780 cogitari
3287 3672 3436 3756 'non
3491 3688 3722 3779 potest
3770 3681 3916 3756 nisi
3963 3682 4110 3756 iure
4153 3703 4240 3753 or·

1230 3795 1501 3871 'dinata.
1605 3798 1773 3873 Iura
1835 3808 1999 3881 sunt
2040 3802 2267 3875 omnis
2315 3803 2504 3901 pacis
2523 3860 2541 3890 ‚
2603 3798 2942 3876 libertatis
2981 3800 3434 3875 fundamenta
3449 3857 3468 3888 ,
3520 3798 3898 3898 praesidia:
3953 3800 4062 3874 his
4107 3822 4242 3873 con·

1244 3914 1459 3989 vulsis
1520 3918 1747 3993 omnis
1810 3920 2099 3995 societas
2148 3921 2591 4022 dirumpitur.
2693 3920 3034 3999 Quamvis
3079 3919 3265 3994 enim
3317 3944 3460 3995 non
3511 3943 3754 3995 omnes
3809 3918 3994 3994 vitae
4037 3940 4242 3993 nsces-

1244 4036 1585 4112 situdines
1598 4097 1619 4127 ,
1703 4040 1961 4138 quibus
2033 4042 2347 4116 homines
2421 4066 2570 4116 sese
2633 4041 3036 4117 coniunctos
3112 4039 3422 4115 sentiunt
3438 4097 3459 4127 ,
3531 4038 3702 4113 iuris
3769 4038 4243 4113 ordinationem

1242 4157 1635 4255 requirant,
1704 4161 2214 4260 nonnullaeque
2272 4186 2510 4236 earum
2568 4186 2722 4236 eam
2779 4160 2958 4235 adeo
3009 4166 3377 4259 respuant,
3425 4158 3535 4233 uti
3577 4158 3884 4233 amicitia
3903 4216 3928 4245 ‚
3977 4158 4243 4231 benevo-

1240 4277 1452 4352 lentia
1471 4335 1490 4366 ,
1560 4279 1807 4354 caritas
1880 4304 2045 4379 erga
2104 4289 2422 4381 parentes
2443 4340 2462 4369 ,
2527 4281 2820 4381 patriam
2845 4338 2864 4369 ,
2940 4279 3164 4379 pietas
3232 4302 3402 4378 erga
3463 4278 3696 4355 Deum
3715 4336 3738 4366 ,
3803 4285 4042 4353 tamen
4114 4276 4243 4350 iure

1240 4395 1651 4474 labefactato
1720 4398 1831 4474 vel
1888 4400 2198 4489 sublato,
2270 4401 2436 4476 haec
2507 4423 2784 4501 quoque
2851 4386 3128 4474 summa
3187 4397 3372 4475 bona
3431 4420 3702 4472 summe
3753 4397 4242 4497 periclitantur,

1238 4525 1552 4614 pereunt.
1650 4520 1838 4595 Nam
1880 4518 1973 4594 im
1981 4520 2350 4619 placabiles
2387 4520 2786 4595 inimicitiae
2803 4578 2824 4609 ,
2872 4520 3032 4594 odia
3050 4577 3068 4607 ‚
3118 4518 3302 4595 bella
3323 4577 3344 4607 ,
3399 4526 3589 4593 tanta
3629 4542 3704 4592 se
3737 4514 3997 4592 ferocia
4041 4538 4242 4591 erum·

1238 4649 1419 4735 punt
1488 4645 1569 4712 ut
1630 4638 1991 4715 hominum
2042 4640 2436 4717 immanitas
2505 4643 2656 4740 ipsa
2717 4640 2988 4715 feritate
3043 4637 3282 4713 tetrior
3341 4636 3434 4711 sit
3477 4636 3787 4713 dicenda.
3887 4633 4244 4711 Verissime

1240 4753 1699 4835 Semurium
1766 4761 1839 4877 in
1898 4762 2438 4862 exquisitissimo
2483 4759 2783 4837 carmine
2799 4818 2822 4850 ,
2887 4785 2978 4836 ne
3036 4758 3252 4835 leonis
3311 4754 3596 4856 quidem
3649 4764 3722 4832 et
3779 4754 3986 4855 tigris
4033 4750 4240 4849 magis
