4766 6034
1819 633 2379 705 onArlo.
3008 597 3029 640 ¹
3486 643 3616 708 293

672 837 998 914 Afferunt
1035 841 1302 928 autem,
1351 837 1776 940 quicumque
1814 838 1924 917 his
1963 843 2211 920 litteris
2255 844 2695 922 adversantes
2735 846 2823 922 de
2866 855 3085 924 semet
3118 847 3288 947 ipsis
3324 847 3615 948 aliisque

575 956 814 1033 multis
873 956 1184 1046 solliciti,
1251 965 1326 1033 at
1386 981 1746 1058 perperam
1799 961 2021 1036 securi
2083 962 2175 1039 de
2228 965 2433 1064 longe
2478 965 2797 1066 pluribus
2817 1023 2839 1056 ,
2883 967 3209 1042 omnibus
3232 955 3614 1066 ⁸hucusque

573 1075 796 1150 allatis
861 1077 1163 1151 necdum
1227 1076 1739 1178 obtemperant,
1808 1080 1950 1156 duo
2001 1107 2152 1158 esse
2201 1083 2310 1160 vel
2357 1085 2577 1160 immo
2636 1086 2771 1161 tria
2785 1144 2806 1175 ,
2856 1111 3035 1186 quae
3086 1093 3245 1186 apte
3301 1093 3371 1161 et
3412 1087 3613 1161 Latio

575 1203 649 1269 et
701 1195 1032 1272 Graeciae
1081 1197 1475 1292 succedant.
1572 1197 2001 1276 Instituendi
2047 1211 2213 1278 sunt
2263 1204 2464 1303 pueri
2482 1261 2504 1293 ,
2550 1204 2921 1303 inquiunt,
2970 1205 3219 1281 studiis
3246 1196 3639 1305 physicis,

571 1313 789 1388 nostri
856 1338 1058 1413 porro
1123 1315 1457 1392 sermonis
1479 1373 1500 1404 ‚
1564 1314 1874 1414 ipsarum
1940 1318 2190 1396 deinde
2209 1378 2231 1411 ,
2297 1346 2475 1421 quas
2525 1323 2736 1398 modo
2786 1324 3061 1400 laudavi
3082 1383 3103 1413 ,
3152 1326 3611 1402 recentiorum

572 1432 976 1510 litterarum.
1076 1434 1292 1512 Quod
1337 1434 1486 1509 sine
1546 1434 1761 1511 dubio
1813 1461 2052 1514 verum
2115 1447 2261 1516 est:
2309 1439 2481 1515 ”fieri
2528 1441 2588 1515 si
2639 1442 2930 1540 poterit,
2970 1451 3052 1518 ·et
3110 1444 3457 1518 hodiernis
3500 1445 3606 1519 in·

569 1573 777 1649 super
846 1552 1014 1626 addi
1029 1611 1052 1652 ,
1114 1554 1190 1628 id
1253 1561 1332 1630 ut
1391 1553 1517 1652 qui
1567 1555 1866 1632 maxime
1923 1558 2252 1657 probabo.
2371 1561 2593 1636 Miror
2639 1561 2827 1636 enim
2875 1570 2946 1637 et
2990 1561 3306 1661 quamvis
3357 1563 3607 1662 hospes

567 1695 988 1771 magnopere
1050 1697 1210 1748 amo
1275 1672 1672 1772 disciplinas
1739 1675 1908 1752 istas
1964 1678 2317 1777 physicas,
2383 1679 2641 1778 quibus
2708 1681 2859 1756 iure
2908 1682 3241 1781 gloriatur
3266 1665 3603 1757 'nostruin

567 1813 854 1879 aevum;
920 1815 1306 1869 sermonem
1366 1792 1670 1892 patrium
1730 1796 1946 1896 diligo
1962 1855 1984 1887 ,
2049 1805 2410 1898 tamquam
2480 1799 2763 1874 unicum
2822 1825 3017 1890 eum,
3068 1824 3209 1900 quo
3263 1801 3608 1899 possimus

567 1910 676 1984 vel
733 1909 1284 1986 exercitatissimi
1347 1911 1649 2011 cogitata
1709 1924 1943 1992 nostra
2007 1924 2194 1992 recte
2249 1917 2521 1994 tradere
2568 1926 2640 1993 et
2694 1919 3057 1995 nobiscum
3109 1919 3403 1996 invicem
3454 1941 3611 1994 vera

561 2053 692 2104 nec
757 2028 1049 2106 distorta
1107 2031 1478 2130 fucataque
1535 2036 2042 2112 communicare
2055 2069 2076 2126 3
2131 2035 2220 2112 de
2263 2037 2511 2112 litteris
2570 2038 3063 2114 recentioribus
3082 2097 3103 2129 ,
3154 2041 3305 2114 sine
3348 2038 3607 2138 quibus

560 2149 864 2248 torpebit
912 2150 1081 2225 haec
1125 2150 1348 2248 patria
1395 2174 1662 2249 nosque
1703 2155 1877 2254 ipsi,
1926 2154 2212 2231 verbum
2254 2163 2336 2232 ut
2380 2155 2682 2256 amplius
2720 2157 2974 2234 addam
3022 2183 3607 2258 supervacaneum

563 2279 764 2345 esset.
864 2271 1128 2346 Verum
1172 2278 1255 2346 ut
1307 2271 1418 2346 his
1445 2363 1448 2365 Α
1473 2272 1856 2347 iuventutis
1907 2273 2198 2348 selectae
2215 2332 2235 2362 ,
2285 2279 2358 2347 et
2414 2271 2559 2346 fere
2603 2273 3033 2350 academicae
3092 2275 3365 2351 futurae
3410 2276 3611 2350 insti·

559 2389 742 2464 tutio
797 2396 1315 2489 superstruatur
1332 2449 1355 2480 ,
1417 2391 1614 2466 iuxta
1669 2414 1832 2466 cum
1881 2389 2310 2466 invitissimis
2369 2389 2794 2488 repugnabo.
2897 2389 2975 2465 Si
3024 2391 3239 2466 velint
3292 2392 3608 2468 homines

557 2508 777 2582 nostri
796 2566 817 2596 ,
885 2519 970 2582 ut
1040 2533 1270 2584 rerum
1342 2517 1663 2586 naturam
1743 2511 2188 2609 anquirentes
2255 2508 2652 2608 disciplinas
2736 2519 3224 2610 promoveant,
3299 2535 3607 2588 summas

559 2626 914 2702 effundere
961 2629 1294 2728 pecuniae
1337 2629 1802 2706 intolerabiles
1852 2638 1923 2706 et
1968 2655 2149 2731 quae
2190 2629 2478 2732 cogitari
2519 2629 2634 2704 vix
2679 2637 2978 2728 queant,
3031 2631 3090 2704 si
3138 2630 3299 2706 velit
3340 2631 3609 2709 indoles

561 2747 868 2822 humana
932 2750 1224 2838 mutari,
1290 2756 1362 2824 et
1424 2748 1624 2848 pueri
1693 2749 1882 2825 hisce
1950 2749 2246 2826 libenter
2311 2773 2591 2848 operam
2652 2747 3052 2848 impendere
3103 2756 3175 2824 et
3225 2749 3609 2849 intelligere
3744 2803 3761 2814 .

557 2867 710 2964 ipsa
728 2925 750 2954 ,
799 2867 1222 2966 simulatque
1268 2894 1311 2943 a
1357 2867 1584 2944 fallaci
1631 2875 1704 2944 et
1747 2868 2136 2946 brevissimi
2187 2869 2519 2968 temporis
2567 2868 3075 2956 oblectamento
3121 2869 3196 2943 in
3246 2893 3480 2945 severa
3538 2877 3611 2944 et

559 2985 719 3061 ideo
779 3010 938 3063 vera
1001 2988 1234 3064 studia
1293 2999 1630 3090 pergunt,
1698 3014 1866 3065 non.
1910 2990 2152 3081 obsto,
2223 2990 2347 3065 sed
2410 3013 2537 3066 cur
2596 2987 2951 3078 resistam,
3024 2988 3193 3065 haec
3248 2989 3417 3065 satis
3465 2987 3607 3065 iam

558 3107 887 3204 produnt.
987 3108 1066 3181 Si
1107 3107 1182 3182 id
1224 3115 1614 3210 queruntur
1653 3110 2008 3207 aequales,
2057 3134 2444 3187 sermonem
2488 3108 2792 3209 patrium
2833 3133 2973 3183 non
3018 3107 3187 3183 satis
3228 3107 3302 3182 in
3350 3107 3605 3207 vulgus

558 3227 793 3314 nosci,
846 3228 1338 3303 assentientem
1385 3228 1785 3318 habebunt,
1835 3230 1972 3333 etsi
2015 3253 2229 3328 quam
2275 3230 2575 3304 maxime
2613 3226 2866 3300 nollem
2887 3286 2909 3315 ,
2972 3226 3108 3304 sed.
3140 3226 3216 3300 id
3260 3226 3334 3300 in
3379 3226 3605 3325 prima

443 3370 454 3377 ·
557 3345 897 3444 pueritiae
939 3354 1254 3445 tempora
1297 3347 1748 3423 reficiendum
1799 3346 1912 3422 est‘
1929 3404 1950 3435 ‚
2000 3356 2072 3423 et
2103 3348 2270 3423 inde
2301 3346 2494 3446 quod
2529 3345 2978 3422 maturiorem
3014 3352 3323 3420 exerceat
3361 3346 3605 3421 iuven·

449 3544 478 3567 ο
557 3472 787 3539 tutem
851 3466 998 3564 peti
1057 3466 1346 3567 nequit,
1414 3466 1558 3541 nisi
1612 3466 2002 3543 recidamus
2057 3466 2131 3541 in
2180 3466 2295 3556 id,
2343 3466 2435 3541 de
2488 3490 2628 3565 quo
2687 3464 2923 3539 statim
2980 3464 3228 3540 dicam.
3330 3464 3601 3540 Recen-

560 3584 770 3660 tiores
809 3584 1065 3663 ‚deinde
1105 3585 1372 3661 litterae
1407 3587 1785 3661 doceantur
1800 3644 1822 3675 ,
1871 3586 1996 3661 sed
2027 3586 2119 3661 ad
2154 3609 2364 3661 usum
2404 3582 2891 3685 quotidianum
2910 3642 2931 3673 ‚
2978 3582 3341 3684 ingenium
3362 3592 3600 3661 autem

562 3728 964 3779 sermonum
1018 3728 1396 3806 eorumque
1441 3711 1514 3781 et
1555 3706 1893 3807 originem
1940 3713 2014 3781 et
2051 3730 2254 3781 casus
2293 3704 2697 3805 anquirere,
2744 3702 2823 3776 id
2860 3709 2987 3778 aut
3030 3703 3281 3779 studiis
3319 3703 3597 3803 elegan-

561 3822 856 3899 tiorum·
890 3823 1324 3922 quorundam
1391 3824 1814 3923 privatorum
1880 3824 2415 3924 relinquendum
2484 3830 2633 3913 est,
2706 3828 2833 3897 aut
2900 3822 3334 3922 paucissimis
3402 3824 3553 3899 istis
3572 3884 3595 3915 ,

557 3966 740 4041 quos
810 3967 1006 4018 amor
1063 3942 1260 4017 dirus
1316 3942 1752 4044 intelligendi
1793 3944 1946 4044 ipsa
1990 3944 2160 4021 haec
2203 3944 2311 4019 vel
2359 3942 2611 4017 invitos
2660 3939 2803 4015 fere
2852 3941 3081 4040 cogit,
3130 3950 3215 4015 ut
3258 3941 3445 4017 hisce
3488 3944 3595 4017 in·

555 4062 915 4139 cumbant.
1019 4062 1209 4138 Solet
1279 4070 1520 4138 autem
1582 4064 1724 4139 iam
1781 4064 1856 4139 in
1917 4064 2150 4139 studio
2201 4070 2358 4138 tum
2400 4060 2619 4136 'nostri
2664 4060 2999 4135 sermonis
3042 4065 3196 4135 tum
3234 4070 3589 4138 extraneo-

555 4204 716 4255 rum
776 4181 853 4256 id
913 4181 1056 4257 fere
1117 4183 1384 4282 peccari
1401 4240 1423 4271 ,
1496 4189 1580 4258 ut
1646 4182 2008 4259 deficiente
2063 4183 2136 4257 in
2207 4180 2605 4257 necessariis
2665 4178 2954 4285 materia
2972 4172 3021 4272 ,⁸
3059 4202 3273 4278 quam
3335 4180 3593 4256 scilicet

555 4302 842 4375 iuvenes
899 4300 1044 4375 fere
1105 4300 1331 4377 adulti
1389 4298 1766 4377 doceantur
1781 4360 1802 4391 ,
1848 4300 2262 4377 intrinsecus
2306 4306 2671 4400 penetrent
2717 4298 3030 4375 doctores
3051 4356 3074 4387 ‚
3122 4306 3195 4373 et
3243 4298 3612 4397 quidquid*

557 4418 894 4493 remotius
938 4418 1110 4517 ipsis
1152 4418 1527 4517 placuerit,
1574 4420 1764 4497 idem
1813 4406 2182 4521 discipulis
2213 4420 2513 4496 tradant.
2612 4418 2805 4493 Huic
2843 4418 3061 4518 igitur
3098 4420 3280 4494 malo
3314 4418 3589 4495 obviam

561 4534 876 4635 eundum
947 4542 1076 4611 est.
1178 4535 1501 4611 Concedo
1555 4535 1879 4613 facillime
1898 4595 1920 4627 ,
1985 4545 2066 4613 ut
2108 4538 2218 4613 his
2257 4537 2658 4638 praesertim
2702 4535 3133 4635 temporibus
3182 4536 3387 4613 multi
3424 4562 3586 4613 con-

557 4662 877 4729 temnant
937 4654 1462 4731 Annxaunnmr
1520 4661 1594 4733 et
1647 4656 2091 4747 CAESAREM,
2137 4656 2320 4733 bella
2363 4655 3021 4756 Peloponnesiacum
3065 4656 3587 4754 Punicumque,

515 4765 520 4789 ¹
557 4771 997 4849 Parthenone
1063 4794 1225 4849 cum
1272 4772 1632 4866 Colosseo,
1680 4774 1996 4855 Athenas
2027 4782 2124 4852 --et
2189 4777 2523 4865 Romam,
2571 4798 2663 4852 ne
2709 4776 3245 4852 Acaununoua·
3289 4774 3587 4851 Hsscu·
