4766 6034
1964 594 2523 662 ORATIO.
3676 601 3763 666 2⁷

711 807 908 868 harum
945 823 1130 867 rerum
1165 802 1494 886 peritissimo
1532 805 1749 863 tantum
1787 801 2027 865 describi
2064 811 2292 885 ponunt
2304 847 2320 878 ‚
2376 823 2487 885 quo
2528 803 2692 882 hujus
2730 802 2900 865 etiam
2931 803 3275 888 Disciplina
3290 845 3307 879 ,
3357 807 3549 868 nostra
3578 812 3759 870 aetate

713 927 814 970 suo
845 910 974 986 jure
1011 910 1190 969 multo
1227 908 1386 988 plura
1421 923 1590 985 quam
1629 909 1792 966 antea
1831 908 2191 986 postulantis,
2233 908 2378 969 votis
2418 924 2639 989 prorsus
2678 905 2925 968 satisfiat.
3007 907 3205 970 Virum
3246 928 3379 986 ergo
3398 953 3414 983 ,
3454 910 3516 971 in
3554 910 3759 972 Literis

709 1011 1008 1074 Hebraicis
1045 1008 1442 1072 recentioribus
1479 1007 1906 1072 versatissimum
1924 1055 1941 1083 ,
1985 1011 2342 1072 Curatoribus
2383 1009 2765 1073 commendavi
2779 1055 2795 1085 ,
2838 1010 3009 1073 Doct.
3048 1011 3133 1072 M.
3163 1014 3763 1076 Srmscnumnmr

707 1115 1124 1182 Berolineusem
1139 1157 1157 1188 ,
1211 1113 1300 1174 cui
1317 1157 1333 1186 ,
1388 1111 1540 1192 quod
1579 1111 1738 1174 valde
1775 1115 1952 1174 laetor
1966 1160 1982 1187 ,
2025 1135 2092 1175 ac
2145 1133 2387 1176 summas
2441 1114 2803 1176 curatoribus
2836 1114 3043 1192 gratias
3084 1135 3255 1194 agens
3271 1160 3287 1190 ,
3328 1116 3525 1178 lubens
3565 1116 3727 1180 trado
3740 1163 3757 1191 ,

708 1237 898 1280 mense
935 1217 1092 1296 Majo
1130 1217 1262 1278 anni
1306 1220 1462 1276 1854
1505 1234 1570 1276 ea
1607 1235 1696 1276 res
1735 1217 1996 1278 mandata
2036 1222 2120 1278 est
2158 1219 2266 1278 hac
2307 1216 2629 1278 conditione
2644 1263 2660 1291 ,
2702 1221 2764 1277 ut
2799 1224 3023 1299 accepto
3062 1223 3179 1278 500
3213 1219 3548 1280 florenorum
3579 1219 3759 1280 hono·

706 1320 852 1382 rario
869 1365 885 1394 ,
939 1320 1052 1382 huc
1103 1339 1165 1381 se
1216 1323 1593 1390 converteret,
1650 1318 1978 1397 catalogum
2019 1326 2270 1401 pararet,
2325 1320 2733 1401 conscriptique
2777 1318 2979 1380 edendi
3022 1339 3207 1382 curam
3245 1322 3307 1382 in
3348 1342 3407 1382 se
3445 1321 3762 1403 susciperet.

707 1423 904 1484 Mense
945 1443 1078 1500 ergo
1123 1423 1162 1482 J
1165 1421 1276 1482 alio
1317 1419 1568 1500 ejusdem
1605 1421 1739 1482 anni
1778 1423 1976 1484 itinere
2015 1424 2248 1485 Leidam
2288 1423 2439 1484 facto
2456 1469 2472 1497 ,
2530 1429 2851 1504 apparatum
2892 1415 3171 1502 conssessit
3185 1469 3202 1498 ,
3242 1423 3391 1486 unde
3432 1425 3761 1502 catalogum

647 1555 668 1571 ·
708 1529 1097 1606 componeret,
1140 1525 1248 1604 qua
1288 1526 1349 1584 in
1391 1543 1454 1584 re
1494 1543 1642 1584 nunc
1682 1545 1748 1586 eo
1790 1545 1960 1606 usque
2001 1527 2282 1608 pervenit,
2324 1532 2389 1589 ut
2428 1547 2577 1588 auno
2615 1527 2983 1608 praeterlapso
3026 1533 3259 1589 exeunte
3298 1530 3551 1604 (1856),
3594 1528 3761 1588 Cata·

703 1627 822 1706 logi
858 1629 1006 1710 typis
1050 1627 1394 1709 exprimendi
1431 1626 1652 1688 initium
1693 1628 1874 1689 facere
1914 1629 2172 1710 potuerit.

784 1731 954 1792 Brevi
995 1731 1164 1794 etiam
1180 1776 1196 1805 ,
1237 1737 1304 1792 ut
1341 1749 1499 1811 spero
1514 1773 1531 1802 ,
1570 1729 1704 1790 huic
1745 1732 2015 1810 catalogo
2057 1732 2282 1794 accedet
2321 1754 2446 1814 pars
2464 1779 2481 1808 ,
2531 1753 2699 1813 quam
2738 1734 2825 1794 cl.
2866 1733 3125 1794 Kutmm
3168 1733 3500 1807 elaboravit,
3541 1731 3611 1794 de
3649 1734 3759 1813 quii

703 1834 763 1894 iu
816 1833 1086 1894 Oratione
1139 1855 1194 1915 p.
1253 1837 1328 1893 15
1387 1834 1602 1894 locutus
1653 1852 1792 1895 sum.
1873 1835 2060 1896 Aliam
2099 1835 2369 1897 Codicum
2411 1837 2775 1898 Arabicarum
2818 1841 3033 1917 partem
3074 1835 3334 1912 Adjutori
3375 1836 3439 1896 P.
3478 1853 3559 1896 nn
3602 1835 3759 1896 Joue

701 1935 1118 2000 describendam
1174 1933 1424 1997 commisi
1436 1958 1455 2014 3
1511 1935 1622 2015 qua
1675 1937 1926 2000 absoluta
1977 1945 2298 2020 supererunt
2353 1938 2588 2000 Codices
2602 1983 2618 2012 ,
2676 1939 2838 2000 ,Τηνία
2886 1939 3198 2000 Μοεὶεηιίσί
3247 1939 3575 2000 Doctriuam
3630 1957 3754 2019 spe·

699 2045 914 2101 etentes
931 2085 947 2114 ,
1003 2038 1314 2117 dignissimi
1361 2058 1494 2100 sane
1511 2083 1526 2112 ,
1583 2040 1682 2118 qui
1733 2061 1768 2100 a
1819 2039 1956 2100 Viro
2012 2040 2426 2114 describantur,
2482 2033 2673 2120 quiin
2706 2043 2811 2100 bac
2850 2039 3162 2100 Literarum
3199 2039 3565 2100 Arabicarum
3602 2047 3759 2121 parte

703 2143 936 2204 habitet.

787 2249 852 2319 7)
901 2247 1038 2323 Pag.
1078 2249 1111 2305 9
1149 2245 1253 2307 lin.
1289 2251 1346 2306 6.
1427 2244 1562 2306 Tris.
1593 2243 1847 2322 intelligo
1879 2245 2162 2308 volumina
2195 2245 2390 2306 Lexici
2424 2242 2782 2325 Biographici
2796 2287 2813 2318 ‚
2854 2245 2943 2306 cui
2985 2245 3176 2306 titulus
3225 2249 3310 2305 est
3355 2245 3723 2324 AbM'oqaffa
3738 2284 3754 2315 ‚

699 2348 1055 2427 ALMaqrizii
1105 2367 1276 2408 mauu
1329 2353 1550 2408 exarata
1565 2390 1582 2418 ,
1637 2345 1706 2407 de
1762 2346 1961 2426 quibus
2014 2346 2125 2408 vid.
2175 2346 2344 2408 Dozr
2393 2347 2627 2407 Notioes
2666 2365 2765 2406 sur
2805 2350 3059 2424 quelques
3100 2347 3452 2408 Manum-its
3505 2351 3723 2410 Arabes
3737 2391 3754 2420 ,

701 2471 755 2530 p.
814 2455 848 2510 9
897 2457 954 2511 et
1007 2471 1194 2530 seqq„
1257 2454 1382 2510 Cat.
1447 2450 1613 2509 Oodd.
1674 2449 1800 2511 00.
1853 2450 2003 2510 Bibl.
2055 2451 2234 2510 Acad.
2287 2453 2360 2510 L.
2404 2453 2477 2510 B.
2517 2450 2613 2523 11,
2656 2469 2711 2529 p.
2759 2454 2874 2509 200
2918 2455 2975 2510 et
3014 2469 3166 2529 seq.,
3209 2455 3295 2522 et,
3336 2449 3436 2510 ubi
3475 2450 3648 2511 etiam
3689 2450 3759 2510 de

699 2551 922 2632 reliquis
963 2552 1296 2624 codicibus,
1337 2552 1410 2612 ab
1449 2569 1598 2614 auno
1644 2555 1798 2612 1668
1844 2551 1916 2612 ad
1961 2555 2116 2612 1806
2157 2554 2368 2628 allatis,
2410 2553 2560 2614 idem
2598 2552 2874 2632 loquitur,
2916 2554 2958 2614 l.
2996 2554 3035 2613 l.
3076 2554 3144 2625 1,
3187 2573 3243 2633 p.
3284 2569 3397 2614 xv1
3436 2558 3494 2614 et
3534 2572 3652 2632 seq.

785 2659 848 2732 8)
907 2657 1045 2734 Peg.
1080 2661 1114 2716 9
1156 2656 1254 2716 lin.
1293 2658 1388 2714 12.
1469 2656 1561 2716 Ex
1591 2655 1680 2716 his
1719 2653 2022 2715 codicibus
2065 2654 2160 2716 alii
2202 2656 2271 2715 ab
2313 2656 2664 2716 Housnuzro
2707 2659 2766 2715 et
2805 2655 3193 2716 cumeorum
3238 2655 3625 2716 Bibliothecae
3664 2655 3761 2717 do·

697 2759 816 2819 nati
827 2781 846 2836 3
889 2757 986 2819 alii
1000 2802 1016 2832 ,
1059 2765 1116 2820 et
1161 2763 1238 2820 20
1278 2757 1502 2838 quidem
1543 2777 1626 2820 ex·
1652 2757 2006 2819 Bibliotheca
2043 2756 2338 2818 SociEtatis
2375 2757 2571 2820 Indiae
2616 2756 2915 2818 orientalis
2929 2803 2946 2831 ,
2991 2777 3133 2836 quae
3166 2756 3570 2820 Amstelodami
3610 2757 3747 2818 olim

695 2859 1043 2934 servabatur,
1084 2861 1198 2922 huc
1219 2860 1521 2938 translati:
1561 2861 1658 2922 alii
1695 2880 1767 2922 ex
1807 2858 2176 2920 Bibliothecis
2220 2859 2560 2933 cosmum,
2598 2861 2675 2920 N.
2722 2862 2795 2921 G.
2840 2863 3229 2922 Scuuonnmu
3247 2905 3264 2934 ,
3306 2861 3649 2921 Ennium
3697 2867 3755 2922 et

695 2961 944 3036 Pauor,
997 2964 1116 3025 sive
1165 2964 1228 3024 in
1285 2963 1515 3026 Oriente
1569 2965 1706 3027 emti
1763 2967 1910 3025 sunt.
1989 2964 2060 3023 In
2115 2963 2204 3025 his
2258 2963 2382 3026 'Ibn
2434 2951 2657 3025 Kaldun
2711 2983 2859 3025 auno
2912 2968 3067 3025 1828
3114 2963 3317 3026 Tuneti
3335 3009 3350 3035 ,
3394 2962 3535 3044 flagi
3572 2950 3758 3035 Kalifa

698 3065 1208 3147 Constantinopoli,
1265 3073 1324 3129 et
1380 3073 1456 3129 82
1514 3088 1661 3129 anno
1721 3069 1875 3131 1837
1929 3072 1988 3129 et
2031 3071 2187 3137 1839
2231 3068 2445 3139 Halebo
2488 3067 2740 3141 advecti,
2778 3070 2841 3129 in
2880 3068 3079 3147 quibus
3118 3066 3280 3126 Libri
3319 3072 3450 3126 sunt
3489 3065 3757 3127 rarissimi

699 3174 758 3227 et
793 3168 1090 3230 utilissimi.
1182 3170 1271 3231 De
1309 3171 1398 3231 his
1437 3175 1496 3231 et
1533 3170 1759 3250 reliquis
1800 3168 2130 3242 Codicibus,
2171 3169 2268 3248 qui
2312 3169 2385 3229 ab
2426 3190 2574 3231 anno
2613 3169 2745 3232 inde
2789 3174 2941 3231 1845
2987 3170 3367 3241 accesserunt,
3427 3168 3539 3229 vid.
3581 3170 3753 3229 Dozr
3822 3202 3829 3207 ·

698 3270 740 3329 l.
779 3271 851 3342 1.,
893 3291 950 3351 p.
993 3289 1126 3333 xvn
1164 3278 1220 3333 et
1259 3293 1374 3353 seq.
1455 3274 1680 3335 Praeter
1731 3270 2008 3333 Persicam
2060 3273 2372 3333 At-tabarii
2421 3272 2728 3334 versionem
2745 3318 2762 3345 ,
2818 3270 3027 3333 donum
3068 3270 3191 3331 Viri
3233 3270 3531 3351 plurimum
3572 3274 3757 3333 Vene-

697 3371 858 3433 randi
911 3374 968 3434 J.
1009 3374 1343 3437 Hoernss
1384 3374 1836 3437 Huunuascuns
1852 3421 1868 3448 ,
1923 3380 1982 3435 et
2019 3374 2159 3435 alios
2196 3374 2371 3437 libros
2386 3419 2402 3449 ,
2443 3394 2583 3455 quos
2626 3376 2699 3436 cl.
2736 3376 3171 3436 Remmiam-11
3205 3374 3549 3455 aliorumque
3586 3374 3756 3437 bene·

695 3476 968 3538 valentiae
1021 3477 1284 3539 debemus
1299 3524 1315 3551 ,
1369 3478 1532 3538 multi
1585 3478 1721 3539 emti
1760 3483 1890 3539 suut
1926 3498 1998 3540 ex
2035 3477 2366 3553 Wmsnusu
2398 3477 2752 3538 Bibliotheca
2765 3522 2782 3551 ,
2826 3484 2882 3539 et
2924 3498 2993 3539 ex
3034 3477 3223 3538 Libris
3265 3476 3390 3538 Viri
3430 3477 3756 3559 amplissimi

695 3580 770 3641 B.
807 3582 877 3641 Τ.
911 3581 973 3641 N
973 3598 1344 3642 annumerari
1379 3582 1610 3656 Boson,
1653 3582 2014 3660 Culemborgi
2047 3602 2193 3643 auno
2233 3586 2389 3643 1848
2428 3580 2762 3655 divenditis,
2801 3590 2859 3644 et
2893 3582 3094 3664 partim
3115 3628 3135 3663 ,
3166 3587 3228 3643 ut
3260 3582 3480 3654 ferunt,
3510 3576 3760 3643 oriundis

695 3700 766 3749 ex.
803 3686 1021 3765 spoliis,
1059 3704 1222 3765 ,quas
1260 3704 1292 3744 e
1333 3686 1526 3746 castris
1565 3685 1813 3747 Turcicis
1851 3686 1913 3746 in
1953 3685 2116 3747 bellis
2155 3685 2278 3747 sub·
2299 3688 2469 3747 finem
2510 3704 2623 3747 sec.
2667 3682 2763 3749 17ὶ
2804 3687 2977 3761 gestis
3017 3686 3203 3746 ablata
3240 3689 3400 3756 sunt,
3444 3704 3514 3745 ex
3554 3685 3755 3765 quibus

695 3786 882 3865 spoliis
921 3789 1104 3865 major
1139 3789 1278 3847 item
1315 3808 1441 3868 pars
1470 3788 1622 3849 Bibl.
1664 3789 1882 3850 Orient.
1920 3788 2120 3849 Dresd.
2165 3794 2400 3851 constat.
2440 3788 2582 3865 (vid.
2619 3786 2688 3849 cl.
2732 3788 2812 3849 H.
2856 3788 2929 3848 O.
2965 3788 3302 3848 Fumscussu
3349 3789 3531 3847 Catal.
3580 3788 3749 3849 codd.

697 3889 868 3949 1188.
930 3892 1055 3951 00.
1105 3890 1258 3951 Bibl.
1311 3895 1452 3968 Req.
1501 3894 1704 3953 Dreed.
1720 3902 1752 3966 ,’
1793 3912 1848 3972 p.
1887 3909 1955 3953 Π
1995 3897 2052 3953 et
2094 3895 2296 3972 seqq.).
2347 3922 2427 3937 -—-
2490 3895 2624 3951 stes
2662 3908 2734 3951 ex
2776 3889 3061 3970 splendida
3101 3889 3458 3950 Bibliotheca
3498 3893 3756 3969 Sacyana
3850 3948 3863 3953 -

692 3996 910 4054 tautum
965 3998 1212 4054 coemtos
1267 4012 1385 4055 esse
1437 3996 1792 4057 vehementer
1845 3994 2094 4057 dolemus
2111 4040 2128 4068 ‚
2190 4014 2355 4055 nemo
2412 4014 2545 4057 vero
2600 3992 2923 4066 mirabitur,
2976 3993 3077 4073 qui
3117 3992 3339 4054 noverit
3354 4036 3371 4065 ,
3412 4012 3579 4071 quam
3622 4012 3750 4053 earo

695 4096 870 4173 pretio
910 4096 1076 4173 hujus
1113 4095 1246 4155 libri
1280 4097 1398 4156 fere
1437 4116 1630 4158 omnes
1671 4097 1882 4159 venditi
1920 4098 2050 4159 sint.

779 4202 845 4271 9)
903 4200 1038 4275 Pag.
1084 4202 1118 4257 9
1160 4197 1261 4258 lin.
1306 4196 1401 4258 24.
1482 4198 1613 4260 Vid.
1653 4200 1772 4278 ejus
1805 4203 1908 4261 Iba
1943 4200 2235 4262 ,Foszlan's
2267 4201 2381 4261 und
2408 4200 2637 4261 anderes·
2671 4198 2891 4261 Arabet-
2923 4200 3189 4261 Beris-Me
3214 4200 3373 4259 eseber
3408 4198 3499 4259 die
3532 4201 3747 4259 Bucen

692 4300 898 4359 duem
938 4301 1086 4360 Zeia.
1146 4300 1394 4362 Petersb.
1439 4305 1625 4376 1828,
1667 4321 1726 4383 p.
1765 4320 1972 4365 xxxm
2013 4308 2069 4364 et
2109 4318 2348 4365 mvn.

773 4392 1171 4457 collectionem
1212 4394 1382 4457 MSS.
1417 4395 1760 4478 Lipsiensem
1774 4442 1791 4471 ,
1847 4398 2052 4459 dictam
2089 4402 2399 4476 Rffaz‘yam
2440 4385 2763 4505 (23:151),
2804 4403 2998 4480 postea
3028 4398 3393 4457 memoratam
3408 4440 3427 4468 ,
3460 4392 3751 4476 descripsit

695 4500 782 4561 cl.
820 4501 1158 4563 anscneu
1200 4506 1262 4565 iu
1305 4507 1580 4567 Zeitschr.
1619 4510 1674 4568 d.
1717 4511 1996 4569 Demeae
2031 4509 2308 4585 Horqeul.
2355 4508 2651 4569 Geoemck.
2694 4524 2813 4569 vm
2829 4553 2846 4579 ,
2888 4525 2945 4587 p.
2996 4508 3109 4569 578
3152 4509 3211 4565 et
3252 4522 3410 4585 seqq.
3492 4504 3751 4587 comple·

695 4600 860 4667 utitur
900 4605 1017 4667 487
1060 4624 1340 4668 numeros.
1381 4641 1464 4667 -.
1502 4609 1684 4671 Dictis
1719 4611 2094 4685 ¹Bibliothecis
2132 4609 2229 4671 hic
2269 4608 2470 4671 addere
2510 4609 2677 4671 etiam
2716 4609 3017 4692 pottfissem
3056 4607 3467 4669 Bibliothecam
3506 4608 3749 4669 orienta-

693 4702 804 4763 lem
865 4706 1167 4767 ovam
1187 4752 1205 4783 ,
1263 4729 1428 4790 quam
1482 4712 1544 4772 in
1587 4712 1856 4774 Oratione
1895 4736 1950 4795 p.
1995 4718 2072 4775 10
2114 4712 2186 4775 de
2225 4714 2559 4775 Sanznmo
2594 4715 2857 4793 loquens,
2906 4711 2985 4773 ob
3020 4712 3210 4791 oculos
3250 4712 3554 4783 habebam,
3596 4711 3751 4789 cuius

691 4804 798 4867 viri
845 4808 1124 4871 alacritati
1179 4816 1350 4874 2000·
1397 4814 1618 4877 cirdoer
1670 4815 1906 4879 Codices
1955 4817 2224 4881 Arabicas
2243 4862 2260 4894 ,
2302 4817 2555 4880 Persicos
2571 4862 2587 4893 ,
2644 4816 3005 4879 Armeniacus
3020 4856 3037 4891 ,
3096 4814 3355 4895 Syriacos
3390 4819 3450 4875 et
3487 4813 3751 4877 Turcicos

2093 4916 2096 4924 .
3244 4920 3294 4988 4
3303 4914 3346 4960 ι
