4766 6034
1184 639 1313 706 158
1576 638 1681 702 ’.
2304 636 2381 707 G.
2461 639 3105 707 J.MULI)ER

1278 847 1420 922 Sed
1480 846 1789 922 nondum
1852 847 2167 947 expletus
2240 853 2349 922 est
2415 846 2628 947 hujus
2693 848 2861 923 anni
2924 849 3177 924 luctus.
3277 847 3605 925 Dolorem
3650 849 3766 926 vix
3813 852 4210 953 mitigatum

1144 974 1341 1070 ‚ante
1406 993 1663 1068 paucos
1720 967 1867 1043 dies
1926 969 2278 1044 renovavit
2336 968 2617 1044 funesta
2671 993 2859 1044 mors
2909 969 3122 1044 unius
3169 968 3588 1047 Academiae
3644 957 3916 1050 nostrae
3967 974 4210 1050 Lecto-

1177 1113 1333 1163 rum
1354 1147 1373 1177 ,
1424 1089 1548 1187 qui
1578 1088 1727 1189 jam
1768 1088 2039 1189 pridem
2079 1088 2493 1188 languidum
2531 1112 2782 1190 corpus
2815 1091 3097 1166 trahens
3118 1146 3139 1178 ,
3181 1091 3586 1181 succubuit,
3628 1093 3922 1169 defletus
3939 1150 3959 1183 ‚
3994 1097 4209 1170 eheu!

1174 1208 1497 1283 omnibus
1546 1216 1891 1309 quotquot
1936 1210 2136 1285 illum
2183 1214 2525 1285 noverunt
2573 1217 2646 1284 et
2693 1209 3105 1286 dilexerunt.
3207 1249 3220 1272 ·

1268 1331 1482 1405 Juvat
1524 1355 1687 1404 sane
1730 1328 1959 1428 palam
1999 1329 2231 1429 eloqui
2246 1389 2267 1420 ‚
2316 1331 2392 1404 in
2435 1355 2574 1429 quo
2615 1355 2857 1407 omnes
2899 1331 3039 1406 scio
3080 1355 3196 1406 me
3229 1330 3634 1410 habiturum
3667 1335 4206 1410 consentientes:

1169 1453 1268 1526 Te
1288 1509 1307 1540 ,
1374 1449 1952 1525 desideratissime
2006 1451 2257 1526 Runa!
2325 1458 2671 1551 quotquot
2717 1459 3059 1528 noverunt
3111 1474 3253 1528 non
3306 1460 3682 1550 potuerunt
3736 1479 3876 1529 non
3923 1454 4210 1554 diligere

1170 1579 1242 1646 et
1288 1571 1529 1671 magni
1575 1571 1821 1648 facere.

1266 1692 1379 1766 Tu
1420 1690 1828 1766 abundabas
1874 1690 1960 1765 iis
2016 1690 2232 1765 animi
2282 1690 2567 1766 dotibus
2587 1749 2606 1780 ,
2658 1716 2834 1789 quas
2877 1690 3191 1791 plerique
3249 1699 3374 1769 aut
3420 1717 3808 1792 numquam
3852 1695 4207 1784 obtinent,

1168 1819 1293 1886 aut
1348 1835 1489 1886 non
1550 1811 1686 1886 nisi
1728 1835 1985 1910 magno
2031 1811 2270 1887 labore
2287 1869 2309 1901 ,
2358 1818 2520 1910 post
2567 1835 2773 1910 grave
2822 1820 3174 1889 certamen
3224 1814 3621 1914 multasque
3662 1813 3958 1890 offensas
3976 1876 3998 1905 ,
4047 1842 4205 1892 con·

1170 1937 1579 2030 sequuntur.

1180 2067 1189 2072 “
1270 2051 1579 2126 Comitas
1600 2108 1621 2140 ‚
1686 2049 2081 2126 humanitas
2104 2108 2124 2138 ,
2189 2049 2704 2141 benevolentia,
2770 2053 2946 2127 fides
2970 2109 2991 2141 ,
3059 2053 3401 2128 modestia
3450 2061 3685 2129 tantae
3734 2055 3809 2127 in
3853 2061 3925 2128 te
3974 2061 4206 2142 erant,

1167 2181 1249 2245 ut
1312 2170 1662 2271 exemplar
1730 2170 2055 2248 omnibus
2124 2195 2329 2248 esses,
2430 2173 2725 2247 Alienus
2786 2173 2875 2247 ab
2941 2172 3135 2248 inani
3205 2171 3462 2272 gloria,
3535 2197 3714 2271 quae
3793 2181 3938 2248 tam
4005 2199 4205 2274 saepe

1162 2291 1485 2367 mortales
1528 2298 1951 2366 transversos
1996 2291 2183 2390 agit,
2232 2292 2410 2366 liber
2452 2317 2600 2367 eras
2647 2293 2841 2367 omni
2881 2293 3300 2380 ambitione3
3349 2293 3564 2391 idque
3607 2293 3838 2392 ipsum
3886 2295 3961 2368 in
4003 2319 4208 2370 causa

1116 2450 1120 2454 ·
1160 2413 1330 2502 fuit,
1400 2437 1522 2488 cur
1591 2412 1684 2487 ad
1751 2412 2250 2488 contentiosam
2314 2413 2494 2486 hanc
2567 2421 2638 2488 et
2687 2413 2966 2518 plenam
3011 2412 3414 2488 ambitionis
3458 2414 3668 2489 vitam
3713 2413 3952 2490 minus
4003 2423 4207 2515 aptus

1160 2534 1525 2609 habebare.
2971 2512 2992 2531 ⁰

1253 2654 1360 2727 Eo
1407 2652 1631 2751 aptior
1679 2676 1837 2726 vero
1888 2675 2110 2750 eoque
2154 2651 2490 2726 maturior
2531 2676 2680 2727 eras
2702 2710 2720 2739 ,
2770 2659 2850 2725 ut
2901 2675 3263 2748 speramus
3284 2703 3306 2743 ,
3369 2651 3460 2726 ad
3507 2652 3768 2728 altioris
3803 2653 3981 2730 illud
4025 2654 4201 2730 vitae

1157 2772 1619 2862 consortium,
1670 2771 1795 2845 ubi
1843 2795 2039 2845 verae
2091 2771 2333 2846 virtuti
2382 2797 2510 2847 sua
2557 2771 2863 2870 praemia
2913 2795 3054 2845 non
3105 2771 3383 2846 desunt.

1252 2890 1649 2967 Accedebat
1717 2890 1829 2965 his
1899 2890 2185 2965 dotibus
2250 2891 2681 2967 admirabilis
2749 2889 3073 2965 scientiae
3141 2890 3378 2990 copia,
3448 2892 3815 2991 multiplex
3887 2900 3960 2967 et
4017 2894 4201 2970 varia

1152 3011 1450 3088 eruditio
1468 3072 1489 3102 ‚
1532 3009 1877 3112 judicium
1926 3036 2080 3087 acre
2131 3017 2203 3087 et
2248 3012 2607 3112 perspicax
2625 3070 2644 3102 ,
2696 3037 2896 3087 mens
2945 3009 3252 3087 veritatis
3299 3036 3528 3087 amore
3569 3012 3896 3112 flagrans,

1248 3133 1391 3208 Sed
1464 3133 1685 3233 major
1754 3138 1902 3209 erat
1968 3140 2094 3209 tua
2164 3134 2506 3209 modestia
2526 3192 2546 3223 ,
2618 3132 3059 3208 excellentior
3125 3138 3252 3207 tua
3325 3132 3543 3207 virtus
3608 3157 3821 3232 quam
3888 3134 4198 3235 plerique

1148 3279 1386 3330 eorum
1404 3312 1423 3342 ,
1494 3253 1915 3352 quibuscum
1996 3281 2037 3328 a
2113 3254 2369 3329 teneris
2441 3254 2715 3344 vixisti,
2785 3259 3069 3352 possent
3139 3251 3491 3352 suspicari.
3617 3252 3810 3352 Ego,
3887 3253 4012 3352 qui
4073 3278 4200 3353 per

1146 3374 1435 3474 triginta
1521 3373 1821 3473 amplius
1910 3398 2129 3450 annos
2214 3375 2426 3451 talem
2512 3384 2585 3450 te
2667 3373 2959 3473 cognovi
2980 3432 3000 3461 ,
3091 3372 3316 3472 qualis
3397 3371 3486 3447 ab
3559 3372 3886 3447 omnibus
3956 3374 4194 3449 amicis

1148 3493 1535 3569 exstimaris
1555 3552 1575 3582 ,
1645 3502 1879 3592 aperte
1947 3493 2139 3569 dico:
2205 3493 2360 3569 illos
2381 3553 2403 3584 ,
2468 3519 2645 3593 quos
2713 3518 2916 3569 nosse
2985 3498 3184 3568 tuam
3255 3492 3560 3568 indolem
3627 3518 3670 3568 a
3737 3494 3996 3569 teneris
4073 3494 4191 3569 de-

1146 3620 1382 3688 cuerat
1404 3670 1424 3699 ,
1510 3638 1762 3712 parum
1849 3613 2198 3713 cognitam
2287 3613 2617 3690 habuisse
2704 3614 3022 3689 ditiorem
3093 3611 3286 3688 illam
3359 3614 3621 3713 ingenii
3685 3638 3928 3689 venam
3951 3671 3972 3703 ,
4053 3640 4192 3714 qua

1148 3758 1333 3807 unus
1422 3730 1495 3805 in
1578 3734 1819 3833 paucis
1905 3741 2156 3809 natura
2222 3734 2578 3834 praeditus
2659 3734 2849 3810 eras!
2947 3734 3044 3807 Et
3120 3733 3312 3832 quod
3394 3735 3550 3833 quis
3620 3758 3762 3809 non
3828 3736 4187 3833 cognovit,

1149 3854 1498 3951 quomodo
1566 3856 1799 3929 amet?
1876 3854 2065 3954 quod
2145 3879 2285 3930 non
2368 3862 2556 3930 amat
2575 3914 2594 3944 ‚
2673 3854 3021 3954 quomodo
3087 3862 3282 3929 curet
3352 3862 3424 3929 et
3483 3855 3758 3929 foveat?
3871 3854 4034 3929 Hoc
4107 3862 4188 3927 tu

1146 3982 1469 4073 expertus
1544 3983 1653 4049 est
1670 4033 1691 4065 ‚
1776 4000 1933 4051 cara
2007 3974 2273 4051 anima!
2351 3975 2543 4075 quod
2615 3974 2676 4049 si
2749 3982 2821 4048 te
2896 3973 3169 4049 vivente
3248 3974 3453 4050 toties
3525 3972 3670 4049 dixi
3687 4032 3706 4063 ,
3783 3972 4036 4073 quidni
4097 3974 4182 4047 de

1143 4102 1415 4169 mortuo
1462 4094 1693 4194 palam
1743 4093 2072 4194 eloquar?
2949 4106 2959 4113 '

1240 4214 1465 4289 Tuam
1516 4221 1811 4290 mortem
1850 4216 2101 4291 afflicta
2144 4216 2377 4293 dolore
2410 4216 2607 4316 luget
2645 4213 2854 4289 vidua
2892 4214 3188 4313 conjux;
3237 4220 3310 4287 te
3347 4212 3498 4288 orbi
3534 4212 3732 4288 liberi
3753 4271 3774 4302 ,
3808 4210 4180 4288 adultiores

1142 4334 1515 4433 aliquando
1569 4334 1735 4410 facti
1753 4394 1774 4425 ‚
1837 4336 2119 4412 moestis
2160 4335 2410 4411 animis
2455 4341 2724 4435 patrem
2774 4332 3311 4420 desiderabunt;
3357 4336 3554 4405 tuam
3603 4330 4006 4406 memoriam
4049 4354 4176 4406 nu-

1142 4454 1393 4527 merosi
1440 4452 1643 4528 amici
1690 4454 1876 4529 tristi
1924 4455 2196 4531 silentio
2244 4479 2469 4554 usque
2518 4454 2842 4528 recolent.
3881 4451 3886 4455 ’

1240 4571 1528 4646 Utinam
1566 4574 1700 4647 tibi
1744 4575 2095 4651 illucescat
2135 4574 2378 4649 melior
2421 4598 2568 4649 sors
2611 4596 2822 4671 quam
2865 4576 3048 4645 terra
3091 4570 3225 4645 tibi
3274 4568 3503 4644 dedit!
3561 4567 3832 4643 utinam
3867 4567 4008 4643 frui
4045 4567 4174 4641 tibi

1144 4682 1501 4791 contingat
1550 4718 1724 4791 pura
1769 4694 1889 4772 illa
1940 4697 2079 4772 veri
2128 4695 2433 4794 bonique
2480 4690 3058 4793 contemplatione
3079 4750 3098 4781 ,
3148 4690 3259 4790 cuj
3267 4714 3351 4764 us
3398 4688 3471 4763 in
3519 4688 3659 4764 vita
3707 4687 3952 4762 avidus
3998 4712 4170 4762 sem·

1142 4835 1268 4910 per
1312 4810 1548 4885 fuisti!
