4766 6034
1103 628 1230 695 196
2077 682 2099 697 .
2201 630 2254 697 1.
2323 629 2401 697 A.
2472 630 2539 697 C.
2610 628 3046 699 ROVERS

1088 862 1248 912 =una
1315 861 1476 911 oum
1540 836 1770 935 gentis
1829 862 2140 913 sermone
2197 838 2489 915 eximiae
2555 836 3089 938 pulchritudinis
3156 845 3607 913 monumenta
3629 895 3650 926 ,
3706 838 4137 915 iuventutem

1105 957 1376 1057 generis
1443 954 1729 1032 humani
1801 958 2055 1057 spirare
2117 960 2263 1035 visa
2282 1018 2301 1048 ,
2369 960 2751 1035 certissima
2808 956 3259 1032 humanitatis
3329 958 3603 1035 indicia.
3700 960 3952 1059 Neque
4022 986 4103 1035 ca
4120 1018 4179 1046 ,,

1107 1103 1284 1179 quae
1326 1077 1590 1177 ingenii
1634 1077 1930 1152 animive
1979 1088 2178 1167 sunt,
2226 1079 2300 1153 in
2351 1079 2813 1155 accessionem
2856 1077 3145 1153 veniunt
3188 1078 3299 1153 vel
3340 1088 3899 1155 ornamentorum
3936 1104 4143 1154 causa

1103 1198 1586 1285 conferuntur3
1657 1196 1781 1271 sed
1831 1197 1905 1272 in
1951 1198 2072 1287 iis,
2125 1224 2304 1298 quae
2349 1198 2750 1273 acciderunt
2768 1255 2787 1286 ‚
2837 1222 2919 1272 eo
2966 1196 3343 1297 graviorem
3402 1199 3630 1274 locum
3680 1208 3917 1275 tenent
3933 1258 3951 1287 ,
4002 1224 4145 1298 quo

1105 1320 1446 1395 efficacius
1497 1318 1641 1393 fere
1686 1317 1951 1418 reliqua
1994 1328 2368 1417 provocant
2420 1328 2490 1394 et
2548 1319 3013 1393 moderantur.
3116 1318 3303 1391 Nam
3352 1318 3537 1393 iusta
3584 1319 3896 1395 omnium
3942 1320 4141 1393 intel·

1106 1440 1393 1539 ligentia
1429 1440 1661 1539 agitur
1679 1497 1698 1526 ,
1748 1464 1962 1537 quae,
2011 1440 2510 1539 Historiologia
2552 1438 2821 1525 iudice,
2873 1437 3153 1536 quando
3184 1444 3423 1535 parata
3452 1441 3605 1513 est?
3672 1439 3747 1513 Si
3788 1440 4143 1513 nocturnis

1106 1560 1359 1636 chartis
1427 1558 1850 1657 impallueris
1905 1560 2391 1660 infinitamque
2438 1584 2671 1634 rerum
2718 1557 2985 1657 copiam
3008 1614 3027 1645 ‚
3078 1580 3119 1629 e
3160 1556 3471 1632 fontibus
3513 1558 3835 1633 haustam
3880 1567 3950 1631 et
3992 1558 4143 1631 Cri-

1103 1681 1241 1757 tica
1283 1687 1735 1780 expurgatam
1757 1738 1776 1767 ,
1827 1686 2058 1755 mente
2099 1679 2753 1780 comprehenderis?
2830 1678 2895 1751 Ο
2940 1675 3206 1751 felicem
3257 1676 3456 1751 illum
3475 1736 3495 1765 ,
3545 1677 3661 1753 cui
3704 1686 4029 1753 constans
4074 1686 4149 1751 et

1104 1809 1440 1901 perpetua
1483 1799 1795 1875 discendi
1841 1799 2095 1898 cupido
2133 1799 2310 1873 hanc
2347 1797 2707 1873 scientiam
2752 1795 3000 1895 largita
3042 1795 3167 1869 sit!
3241 1798 3429 1873 Nam
3475 1798 3627 1897 ipsa
3680 1798 3964 1897 quidem
4008 1823 4147 1873 non

1107 1928 1212 1995 est
1276 1920 1604 1995 ultimum
1662 1918 1838 1994 illud
1883 1925 1955 1993 et
1999 1926 2386 1993 extremum
2434 1941 2575 2016 quo
2609 1915 2993 1990 referantur
3042 1917 3317 2004 omnia,
3368 1960 3467 1973 -
3516 1917 3708 2015 quod
3754 1942 3917 1993 oum
3959 1918 4147 1991 Ran-

1105 2039 1354 2114 kianae
1414 2038 1683 2114 scholae
1742 2038 2266 2139 reprehensione
2331 2036 2605 2112 monuit
2680 2035 3117 2110 Schlosserus
3136 2094 3157 2124 ,
3230 2080 3333 2097 --
3409 2036 3533 2111 sed
3580 2062 3665 2111 ex
3718 2037 3871 2137 ipsa
3920 2046 4151 2111 tamen

1105 2158 1467 2235 efflorescit
1529 2158 1860 2259 ampliora
1928 2158 2397 2255 consequendi
2466 2156 2758 2231 facultas
2777 2213 2798 2243 ,
2866 2179 3025 2254 spes
3092 2156 3381 2231 omnino
3398 2216 3419 2244 ,
3472 2157 3705 2231 studio
3752 2158 4157 2231 insinuandi

1106 2278 1550 2379 temetipsum
1610 2278 1684 2353 in
1751 2279 2093 2355 variorum
2149 2288 2541 2377 temporum
2610 2275 2917 2351 indolem
2988 2282 3191 2351 aucta
3209 2334 3230 2363 ,
3297 2276 3443 2350 fore
3511 2287 3591 2351 ut
3652 2278 3903 2352 mentis
3954 2278 4159 2353 oculo

1107 2401 1330 2499 ipsam
1380 2422 1618 2473 cernas
1667 2399 1984 2498 gentium
2036 2398 2273 2473 vitam.
2376 2398 2574 2472 Haec
2629 2396 2913 2471 demum
2963 2395 3075 2469 vel
3127 2395 3313 2471 iusta
3358 2397 3817 2497 intelligentia
3864 2398 4159 2473 dicenda

1107 2527 1213 2595 est
1265 2519 1371 2594 vel
1417 2517 1724 2593 effectrix
1765 2519 1916 2593 eius
1961 2524 2034 2593 et
2081 2517 2547 2592 certissimum
2588 2522 3098 2615 argumentum.
3148 2558 3251 2575 —
3300 2514 3463 2601 Sed,
3482 2543 3564 2591 eo
3580 2576 3601 2606 ,
3650 2518 3918 2617 inquit,
3965 2518 4157 2617 prin-

1106 2640 1293 2739 cipes
1357 2644 1638 2739 quoque
1698 2634 2170 2713 narrationum
2215 2638 2537 2713 fictarum
2586 2636 2949 2736 scriptores
2991 2643 3227 2711 nostra
3276 2643 3502 2711 aetate
3546 2637 3684 2712 sibi
3722 2637 4163 2714 tendendum

1107 2784 1258 2833 esse
1297 2738 1649 2833 statuunt.
1689 2801 1790 2819 -
1835 2757 1943 2830 Sit
1976 2756 2095 2832 ita.
2193 2757 2393 2832 Nihil
2431 2756 2560 2832 hoc
2602 2756 2691 2831 ad
2739 2780 2887 2830 rem
2926 2762 3398 2855 praesentem,
3452 2782 3877 2856 quamquam
3924 2758 4157 2857 inqui-

1105 2880 1306 2954 rendi
1360 2878 1790 2978 diligentiam
1846 2876 2095 2977 probat
2157 2876 2685 2976 studiorumque
2704 2934 2725 2964 ,
2795 2877 2866 2950 in
2918 2901 3097 2974 quae
3140 2875 3241 2949 illi
3288 2876 3653 2975 scriptores
3697 2879 4161 2967 incumbunt,

1103 2997 1532 3099 gravitatem.
1586 2996 1904 3076 Quarum
1931 2993 2213 3095 quidem
2237 2994 2527 3072 laudum
2556 2994 2789 3070 fructu
2809 3002 3233 3094 quantopere
3252 3055 3273 3085 ,
3315 2996 3521 3072 uthis
3548 3006 3705 3073 utar
3723 3056 3744 3087 ,
3804 2999 4167 3074 Charikles

1104 3116 1396 3194 Beckeri
1414 3119 1573 3192 Iter
1591 3118 2082 3192 Anacharsidis
2111 3122 2389 3215 superat
2413 3141 2455 3189 a
2476 3115 2960 3213 Barthelemyo
2986 3117 3495 3215 conscriptum!
3550 3117 3898 3217 Equidem
3920 3173 3941 3206 ,
3982 3119 4045 3192 si
4072 3119 4163 3192 de

1105 3238 1706 3338 Historiographia
1742 3262 2016 3336 agerem
2037 3295 2056 3324 ‚
2099 3261 2338 3312 earum
2375 3261 2715 3336 exponere
2750 3259 3031 3310 conarer
3071 3238 3546 3312 narrationum
3586 3237 3891 3314 indolem
3908 3297 3929 3326 ,
3980 3264 4165 3337 quae

1109 3359 1198 3434 ab
1248 3357 1562 3434 Historia
1613 3381 1866 3431 nomen
1914 3356 2219 3444 habent,
2271 3363 2351 3429 ut
2395 3380 2623 3455 neque
2661 3356 2845 3431 varia
2878 3355 3267 3454 scriptionis
3310 3382 3572 3456 genera
3606 3383 3832 3456 neque
3870 3359 4167 3460 modum

1111 3505 1225 3554 me
1287 3475 1708 3553 confundere
1752 3485 2144 3575 appareret,
2194 3500 2334 3574 quo
2385 3475 2698 3576 singulae
2740 3475 2994 3549 mentis
3040 3476 3213 3552 vires
3256 3478 3330 3551 in
3379 3477 3467 3552 iis
3510 3485 3782 3578 praesto
3834 3503 3983 3552 esse
4038 3479 4163 3552 de-

1111 3600 1344 3674 beant.
1443 3597 1654 3671 Nunc
1725 3604 1976 3670 autem·
2025 3597 2100 3669 id
2160 3603 2437 3670 tantum
2496 3595 2719 3670 habeo
2772 3595 2964 3694 quod
3011 3599 3503 3696 respondeam,
3566 3623 3653 3672 ex
3698 3599 3817 3672 illo
3874 3597 4167 3697 scripto-

1003 3781 1016 3790 .
1114 3743 1272 3792 rum
1309 3740 1596 3790 numero
1631 3741 1750 3794 eos
1789 3724 1973 3792 certo
2011 3717 2483 3817 suspiciendos
2526 3717 2741 3792 videri
2758 3775 2779 3805 ,
2830 3742 3005 3817 quos
3043 3718 3250 3793 falsas
3290 3719 3765 3792 historicorum
3802 3719 4169 3818 opiniones

988 3883 1000 3893 -
1117 3861 1513 3935 erroresque
1571 3835 1936 3911 diuturnos
2002 3837 2343 3912 detexisse
2406 3845 2478 3911 et
2546 3837 2909 3912 sustulisse
2962 3839 3319 3926 novimus3
3370 3839 3572 3913 cuius
3618 3837 3719 3912 rei
3760 3839 4169 3938 exemplum

1117 3959 1207 4032 ab
1265 3959 1454 4056 Aug.
1522 3955 1849 4055 Thierryo
1911 3983 1950 4032 e
2007 3957 2216 4034 rebus
2277 3955 2575 4056 Angliae
2644 3957 2879 4046 seculi⁸
2901 3959 3251 4034 undecimi
3293 3957 3577 4034 affertur
3618 3958 3755 4057 ipsi
3812 3983 4036 4032 unum
4084 3961 4165 4033 in

1117 4077 1356 4179 paucis
1425 4077 1809 4152 iucundum
1871 4078 1956 4169 ¹).
2060 4077 2200 4152 Sed
2259 4077 2426 4152 illuc
2484 4085 2803 4152 revertor.
2922 4073 3191 4152 Iustam
3250 4077 3441 4152 illam
3461 4137 3480 4164 ‚
3551 4101 3763 4176 quam
3816 4077 4123 4152 indicavi
4142 4139 4169 4168 ,

1112 4196 1642 4298 intelligentiam
1699 4196 1824 4296 qui
1869 4197 2172 4306 expetito,
2234 4197 2523 4272 miretur
2563 4220 2841 4272 necesse
2888 4205 3037 4286 est,
3085 4196 3675 4296 praestantissimo
3724 4221 3957 4272 rerum
4007 4201 4165 4273 An-

1199 4431 1248 4512 ¹)
1306 4432 1454 4492 Pour
1513 4437 1638 4492 tous
1699 4451 1868 4506 oeux,
1928 4433 2024 4512 qui
2077 4435 2245 4494 avant
2299 4451 2389 4492 ces
2442 4429 2688 4493 derniers
2740 4436 2947 4514 temps,
2996 4437 3099 4493 ont
3135 4432 3301 4496 traite
3336 4431 3611 4493 l’histoire
3648 4431 4041 4510 d’Angletorre
4060 4479 4079 4504 ,
4122 4433 4173 4494 il

1111 4529 1212 4604 n’y
1273 4547 1308 4586 a
1365 4528 1488 4607 plus
1543 4525 1614 4586 de
1675 4527 1888 4587 Saxona
1941 4525 2100 4608 apres
2151 4530 2210 4588 la
2261 4527 2490 4589 bataille
2540 4526 2611 4588 do
2658 4527 2933 4605 Hastings
2973 4533 3031 4589 et
3072 4530 3125 4590 le
3164 4531 3598 4589 oouronnement
3635 4525 3705 4587 do
3744 4527 4173 4590 Guillaumedo·

1111 4619 1446 4696 Batmd5i1
1497 4640 1533 4681 a
1585 4621 1750 4694 fallu,
1806 4620 1900 4700 qu’
1903 4642 1979 4682 un
2031 4623 2364 4696 romancier,
2414 4622 2640 4683 homme
2688 4621 2759 4682 de
2798 4621 2991 4700 genie,
3034 4621 3157 4682 rint
3196 4622 3407 4684 r6v61er
3446 4641 3517 4684 au
3555 4623 3748 4704 peuple
3786 4624 4007 4700 anglais
4046 4645 4165 4704 que

1110 4735 1197 4777 ses
1235 4721 1396 4776 aieux
1434 4712 1510 4774 du
1541 4715 1792 4777 onziemo
1829 4715 1995 4778 siecle
2033 4739 2072 4779 n
2075 4720 2314 4781 ’avaient
2351 4739 2450 4801 pas
2488 4723 2616 4779 tous
2655 4717 2747 4780 eto
2786 4717 3011 4780 vaincus
3050 4719 3189 4780 dans
3228 4739 3305 4780 un
3344 4720 3461 4780 seul
3490 4719 3643 4798 jour.
3704 4723 3851 4796 Aug.
3886 4719 4163 4807 Thierry

1111 4810 1274 4907 ῌίει.
1315 4811 1380 4868 de
1417 4810 1475 4869 la
1513 4809 1768 4888 conquete
1805 4813 1872 4873 de
1909 4813 2181 4891 l’Anylet.
2209 4835 2327 4892 par
2367 4817 2448 4876 leo
2488 4815 3359 4897 Normande,1ntrod.p.xv1.
