4766 6034
1041 664 1126 729 50
2071 660 2344 728 ACTA
2420 661 2527 726 IN
2598 659 3044 727 SENATU.

1479 869 1891 958 Candidati,
1967 895 2005 942 e
2087 869 2343 968 quibus
2428 871 2707 945 futurus
2788 871 3160 946 Actuarius
3235 869 3507 968 legatur
3526 925 3547 955 ,
3631 867 4089 967 designantur

1377 990 1524 1063 Viri
1572 989 1987 1064 Clarissimi:

2200 1156 2259 1228 I.
2313 1179 2411 1228 nn
2458 1155 2675 1229 WAL.

2197 1275 2286 1347 A.
2337 1275 2420 1346 E.
2476 1273 2715 1348 Suros
2765 1275 3099 1348 Tamus,

2197 1396 2288 1468 A.
2339 1394 2811 1468 Nmaunraa.

2199 1514 2278 1586 F.
2331 1513 2642 1588 Karsna.

1039 1760 1172 1833 Die
1273 1762 1316 1834 7
1383 1755 1760 1832 Februarii.
1864 1753 2224 1827 Recitatur
2259 1755 2477 1854 Regis
2516 1755 2892 1829 Decretum
2935 1753 3074 1826 diei
3125 1757 3162 1826 1
3211 1776 3303 1826 m.
3346 1751 3705 1826 Februarii
3745 1778 3807 1826 a.
3854 1755 4045 1826 1855
4070 1813 4091 1842 ,

1384 1903 1524 1976 quo
1583 1878 1656 1950 in
1712 1875 2104 1976 proximum
2165 1899 2427 1950 annum
2481 1874 2981 1949 Academicum
3028 1875 3281 1948 Rector
3340 1874 3762 1973 Magnificus
3812 1885 4093 1948 creatus

1385 2007 1490 2071 est
1539 1996 1666 2071 Vir
1712 1995 2154 2071 Clarissimus
2205 1998 2445 2071 Saron
2492 1995 2917 2070 V1ssna1NG.

1477 2240 1744 2336 Futuro
1795 2237 2074 2310 Rectori
2119 2235 2521 2312 Assessores
2568 2237 3087 2313 constituuntur
3132 2236 3284 2310 Viri
3332 2236 3755 2311 Clarissimi:

2201 2405 2288 2476 A.
2340 2404 2811 2477 Nmamirna.

2205 2523 2284 2596 P.
2336 2522 2418 2595 L.
2470 2523 2707 2596 Rrxss.

2199 2643 2258 2715 I.
2311 2643 2547 2716 Ean.

2207 2761 2288 2834 C.
2341 2762 2587 2836 Paurs
2640 2785 2788 2836 vAN
2840 2785 2987 2836 nna
3036 2761 3373 2836 HonvnN.

1039 3035 1171 3108 Die
1271 3038 1312 3108 8
1379 3034 1756 3109 Februarii.
1859 3034 2116 3109 Rector
2155 3032 2247 3107 ad
2293 3033 2631 3109 Senatum
2674 3034 2915 3124 refert,
2964 3036 3039 3109 in
3076 3040 3419 3108 conventu
3458 3034 3877 3111 Curatorum
3918 3058 4084 3109 cum

1380 3158 1674 3230 Rectore
1719 3162 1790 3228 et
1843 3154 2329 3230 Assessoribus
2373 3180 2413 3229 e
2451 3155 2861 3230 Candidatis
2901 3155 3281 3253 designatis
3327 3155 3740 3231 Actuarium
3779 3164 4089 3230 creatum

1378 3303 1526 3353 esse
1574 3275 1663 3352 V.
1713 3276 1820 3350 Cl.
1870 3277 2272 3351 Ionmmm
2323 3298 2421 3349 na
2471 3276 2685 3351 WAn.

1479 3518 1739 3590 Rector
1791 3539 1952 3589 cum
2001 3514 2266 3591 Senatu
2319 3517 2701 3617 ceterisque
2751 3515 3262 3592 Professoribus
3305 3515 3381 3590 in
3435 3516 3885 3592 Auditorium
3936 3540 4083 3592 ma-

1379 3638 1490 3711 ius
1541 3635 1918 3711 descendit.
2018 3636 2259 3711 Tradit
2313 3640 2719 3715 Orationem
2774 3663 2847 3713 se
2904 3638 3387 3739 conscripsisse
3450 3640 3535 3713 de
3568 3639 4044 3738 proyresaibus
4062 3698 4085 3726 ‚

1383 3782 1554 3856 quaa
1610 3757 1970 3855 Chiruryia
2023 3766 2255 3833 nostra
2305 3768 2539 3837 aetate
2573 3763 2799 3856 fecit:
2849 3758 2939 3834 ob
2991 3756 3319 3859 magnam
3370 3782 3529 3833 vero
3580 3783 3811 3833 rerum
3835 3818 3856 3846 ,
3908 3782 4087 3857 quae

1385 3879 1536 3977 ipso
1613 3878 1905 3952 Rectore
1973 3888 2380 3969 evenerant,
2454 3881 2965 3977 referendarum
3040 3881 3347 3979 copiam,
3414 3903 3488 3953 se
3555 3886 3872 3954 coactum
3934 3902 4085 3951 esse

1386 3998 1790 4073 Orationem
1855 4022 2201 4097 seponere.
2306 4001 2824 4077 Commemorat
2886 4025 3052 4100 ergo
3108 3998 3533 4075 Academiae
3592 3997 3735 4074 fata
3780 4024 3843 4073 a.
3894 4001 4085 4071 1854

1383 4122 1676 4195 —1855
1707 4180 1726 4208 ‚
1793 4127 1864 4193 et
1927 4121 2330 4219 praesertim
2402 4120 2547 4197 Vir.
2606 4123 2788 4198 Clar.
2842 4122 3365 4197 anwaanrn
3426 4126 3499 4195 et
3553 4121 4089 4195 Srncnunnaxn

1383 4242 1781 4315 memoriam
1835 4242 2155 4317 celebrat.

1485 4482 1824 4558 Recitatis
1883 4482 1973 4558 ab
2031 4481 2363 4557 Actuario
2408 4481 2681 4557 iudiciis
2731 4481 3174 4558 Facultatum
3225 4483 3314 4557 de
3365 4481 4091 4558 Commentationibus

1386 4626 1511 4701 pro
1571 4596 1965 4677 certamine
2016 4601 2316 4677 literario
2365 4602 2771 4701 conscriptis
2838 4603 3397 4703 renunciatisque
3468 4603 3804 4678 victorum
3859 4605 4089 4678 nomi-

1377 4720 1590 4795 nibus
1613 4778 1632 4809 ,
1683 4723 1938 4799 Rector
1983 4722 2407 4823 Magnificus
2453 4724 2757 4823 praemia
2803 4748 3010 4801 aurea
3058 4724 3306 4800 tribuit
3348 4724 3617 4802 civibus
3645 4724 4093 4800 Academicis

1377 4838 1601 4915 hisce:
