4766 6034
1916 626 2474 699 ORATIO.
3631 628 3714 697 15

766 833 979 912 Dicta
994 893 1015 924 ‚
1074 832 1487 911 Auditores!
1554 856 1679 932 pro
1730 840 1967 910 nostro
1987 836 2334 912 instituto
2380 835 2722 912 sufficiant
2761 836 2854 911 ad
2895 834 3366 912 Bibliothecae
3385 893 3404 925 ‚
3453 835 3708 913 eximio

666 955 1037 1031 Librorum
1051 1012 1072 1043 ‚
1122 954 1249 1030 has
1290 952 1709 1053 Disciplinas
1748 956 2023 1054 egregie
2070 956 2566 1031 illustrantium
2587 1014 2607 1044 ‚
2657 966 2994 1056 apparatu
3037 958 3420 1032 instructae
3438 1014 3458 1045 ,
3488 982 3703 1055 prae-

666 1079 994 1152 stantiam
1032 1074 1544 1175 quodammodo
1584 1073 2211 1151 demonstrandam.
2277 1075 2417 1150 Sed
2457 1074 2630 1173 qnid
2673 1077 3193 1174 splendissimae
3234 1076 3705 1153 Bibliothecae

665 1202 1001 1295 prosunt,
1052 1194 1115 1269 si
1160 1218 1340 1293 quae
1379 1192 1551 1291 ipsis
1591 1193 2031 1268 continentur
2048 1250 2069 1283 ,
2119 1196 2209 1270 ad
2258 1195 2612 1295 publicam
2653 1198 2996 1272 notitiam'
3031 1219 3172 1272 non
3226 1196 3702 1295 perferuntur!

668 1316 1029 1415 Sapienter
1062 1338 1227 1414 ergo
1267 1313 1541 1413 pristini
1564 1313 1775 1412 hujus
1804 1313 2221 1389 Academiae
2246 1316 2616 1390 Curatores
2655 1317 3020 1391 voluerunt
3035 1375 3056 1404 ,
3091 1324 3172 1389 ut
3208 1318 3517 1415 Cataloyi
3538 1338 3702 1389 con·

670 1435 1153 1511 scriberentur.
1274 1432 1551 1507 Horum
1626 1434 1811 1507 enim
1889 1443 2179 1534 quatuor
2240 1436 2472 1511 seculo
2555 1438 2680 1511 17⁰
2737 1437 3180 1535 prodierunt,
3253 1459 3424 1509 unus
3472 1434 3702 1509 seculo

666 1554 1116 1655 praecedente
1136 1553 1261 1645 ⁸⁰).
1314 1552 1453 1626 His
1485 1576 1645 1627 vero
1676 1576 1803 1628 suo
1842 1554 2125 1628 consilio
2164 1578 2303 1629 non
2344 1554 2921 1630 satisfacientibus
2940 1613 2960 1644 ,
3002 1554 3436 1628 Himxnao
3489 1552 3700 1629 etiam

664 1674 1074 1749 mandatum
1138 1661 1245 1747 es't
1263 1730 1283 1761 ‚
1357 1679 1438 1747 ut
1495 1698 1727 1747 novum
1797 1672 2211 1773 Catalogum
2269 1683 2543 1775 pararet
2584 1677 2707 1767 31).
2833 1676 2996 1753 Quo
3069 1674 3290 1748 officio
3351 1672 3700 1773 quomodo

664 1793 863 1891 fungi
912 1792 1225 1867 -voluerit
1284 1791 1413 1865 Vir
1474 1816 1793 1867 summus
1810 1850 1831 1881 ‚
1902 1797 2252 1891 Specimen
2316 1797 2626 1895 Cataqui
2674 1794 3015 1882 declarat,
3078 1818 3218 1893 quo
3267 1798 3357 1868 21
3409 1792 3700 1867 Codices

663 1912 1287 2012 praestantissimos
1358 1912 1549 2000 fuse,
1622 1913 1891 1988 erudite
1910 1973 1930 2004 ‚
2000 1915 2276 2014 egregie
2346 1915 2732 2014 descripsit.
2832 1914 2969 1989 Vix
3025 1914 3328 1988 inchoati
3381 1913 3700 2012 Catalogi

660 2032 963 2107 laborem
1014 2030 1267 2107 deinde
1314 2033 1617 2131 suscepit
1662 2030 2161 2123 Wmmnsws’,
2211 2060 2291 2109 ac
2342 2033 2869 2133 diligentissime
2923 2040 3326 2131 persecutus
3381 2039 3526 2121 est,
3575 2032 3698 2107 sed

661 2153 1095 2249 praematura
1133 2160 1355 2226 morte
1398 2159 1559 2227 ante
1592 2152 1721 2226 hos
1754 2153 1897 2227 fere
1938 2154 2179 2229 decem
2214 2179 2432 2229 annos
2470 2155 2800 2252 abreptus
2820 2211 2840 2241 ‚
2879 2152 3232 2227 absolvere
3267 2176 3406 2226 non
3445 2152 3696 2252 potuit.

662 2271 1041 2345 Accuratae
1105 2276 1340 2345 tamen
1412 2278 1483 2345 et
1550 2272 1841 2346 eximiae
1905 2298 2151 2371 operae
2169 2332 2190 2361 ,
2254 2262 2471 2372 quain
2537 2274 2612 2347 in
2683 2273 3060 2358 Codicibus
3125 2296 3337 2370 quam
3384 2271 3700 2371 plurimis

664 2398 1022 2487 posuerat,
1075 2390 1441 2487 Specimen
1489 2390 1551 2463 is
1602 2392 1813 2466 etiam
1872 2393 2091 2467 edidit
2138 2394 2235 2486 ³²)
2261 2451 2281 2482 ‚
2332 2393 2919 2490 utilissimumque
2969 2398 3379 2491 apparatum
3398 2448 3418 2479 ‚
3467 2390 3704 2464 futuro

666 2510 997 2609 Catalogo
1044 2510 1409 2583 collectum
1430 2568 1451 2597 ‚
1499 2510 1798 2609 reliquit.

752 2630 841 2705 In
886 2629 1309 2703 Wnrsnsssu
1348 2629 1578 2704 locum
1623 2630 1999 2705 succedens
2016 2687 2037 2718 ‚
2088 2630 2501 2731 Catalogum
2545 2631 3120 2707 conscribendum
3160 2631 3416 2705 Dozro
3467 2634 3704 2703 nostro

548 2834 561 2845 ⁶
661 2748 1005 2836 commisi,
1075 2742 1201 2823 cui*
1259 2749 1607 2847 quomodo
1669 2750 1839 2825 haec
1908 2776 2019 2825 res
2084 2751 2407 2840 cesserit,
2457 2756 2586 2827 duo
2647 2758 2994 2827 testantur
3055 2753 3411 2825 Volumina
3429 2806 3448 2838 ‚
3498 2746 3702 2823 tertio

662 2868 909 2943 abhinc
952 2891 1139 2943 anno
1186 2869 1375 2943 edita
1398 2925 1419 2956 ‚
1469 2868 1729 2967 quibus
1770 2878 2133 2970 nonyentoc
2172 2875 2468 2972 quinque
2509 2872 2758 2947 Libros
2803 2870 3199 2970 descripsit,
3250 2894 3390 2968 quo
3432 2870 3661 2967 Opere
3681 2925 3704 2957 ‚

664 2996 741 3064 ut
786 2988 940 3064 aliis
992 2988 1235 3064 multis
1287 2988 1575 3088 Scriptis
1628 2990 1869 3066 laudes
1924 2991 2057 3066 sibi
2118 2992 2506 3068 conciliavit
2555 3016 2770 3092 quam
2816 2992 3154 3066 maximas
3173 3049 3192 3079 ,
3243 3013 3418 3088 quas
3468 2995 3703 3063 tamen

662 3107 773 3183 hic
834 3116 1141 3208 repetere
1206 3110 1616 3185 verecundia
1678 3117 1903 3200 vetat,
1974 3119 2046 3184 et
2114 3113 2508 3210 cujusmodi
2565 3137 2806 3187 omnes
2867 3119 3184 3185 nostrum
3254 3111 3708 3184 Kunmnmm

665 3235 1021 3303 ornaturos
1064 3253 1215 3304 esse
1234 3287 1255 3316 ,
1304 3253 1610 3328 auguror
1628 3288 1649 3317 ‚
1700 3231 2097 3329 quicunque
2142 3238 2410 3328 partem
2458 3230 2777 3330 Catalogi
2828 3229 3302 3304 difficillimam
3353 3252 3518 3302 mox
3571 3227 3706 3300 lec·

666 3348 803 3422 turi
856 3356 1017 3422 sunt
1041 3404 1062 3437 ,
1112 3372 1327 3446 quam
1376 3347 1489 3422 hic
1537 3349 1883 3424 indefesso
1931 3350 2163 3425 labore
2210 3350 2669 3449 persequitur.

754 3468 917 3542 Non
978 3475 1213 3542 tamen
1284 3468 1446 3542 solis
1523 3470 1869 3569 Cataloyis
1882 3528 1902 3559 ‚
1970 3469 2095 3543 sed
2154 3470 2363 3544 etiam
2425 3471 2560 3545 alio
2616 3469 2824 3544 modo
2870 3468 3289 3543 Academiae
3341 3466 3710 3541 Curatores

664 3585 951 3662 Codices
1018 3595 1289 3663 nostros
1352 3587 1445 3662 ad
1506 3589 1857 3685 publicam
1920 3587 2241 3663 notitiam
2298 3588 2598 3686 proferre
2660 3587 3099 3689 studuerunt.
3200 3584 3400 3658 Novo
3455 3581 3708 3681 nempe

661 3708 953 3782 Munere
990 3707 1429 3782 instituendo
1449 3764 1469 3795 ,
1520 3709 1783 3783 efficere
1818 3709 2048 3784 conati
2092 3715 2301 3797 sunt,
2354 3716 2436 3782 ut
2478 3707 2770 3782 Codices
2804 3709 2941 3805 {psi
2979 3705 3366 3780 ederentur.
3436 3704 3708 3776 Munus

660 3825 809 3900 dico
893 3827 1311 3925 Inter-pretia
1384 3827 1637 3926 Leyati
1732 3829 2183 3904 Warneriani.
2310 3827 2592 3902 Primus
2669 3827 2799 3901 hoc
2877 3825 3176 3899 Munere
3245 3829 3530 3898 ornatus
3599 3829 3708 3897 est

660 3946 1049 4020 Annnn'rus
1122 3946 1702 4036 Senumnnsms,
1750 3971 1951 4047 *anno
2014 3951 2201 4024 1729
2274 3946 2718 4044 Franequerii
2785 3947 2923 4020 huc
2983 3951 3297 4032 vocatus3
3366 3944 3442 4017 in
3493 3967 3704 4041 quem

662 4061 841 4139 hunc
897 4064 1230 4139 honorem
1276 4072 1461 4140 recte
1512 4066 1841 4141 collatum
1894 4091 2043 4141 esse
2062 4125 2081 4155 ,
2148 4093 2234 4142 ex
2294 4069 2369 4138 V
2357 4068 2474 4141 ita‘
2519 4067 2839 4140 Saladini
2855 4125 2876 4154 ‚
2940 4090 3119 4164 quae
3170 4063 3450 4138 biennio
3503 4070 3698 4163 post,

662 4191 729 4256 et
774 4207 863 4257 ex
908 4183 1031 4272 iis,
1084 4209 1263 4282 quae
1314 4185 1565 4259 deinde
1613 4186 2019 4284 prodierunt
2066 4188 2163 4280 ³³)
2185 4244 2205 4275 ,
2256 4187 2509 4284 cuique
2559 4193 2988 4284 compertum
3039 4191 3165 4259 est.

752 4303 913 4378 Alia
975 4303 1293 4378 Arabum
1366 4305 1637 4405 Scripta
1698 4305 2209 4404 Scriptorumve
2269 4307 2614 4404 Excerpta
2681 4307 2972 4404 quinque
3039 4308 3406 4400 sequentes
3470 4301 3696 4375 Inter·

659 4429 883 4519 pretes
942 4423 1364 4499 addiderunt
1382 4483 1405 4514 ,
1464 4451 1546 4500 ac
1601 4426 1825 4501 multo
1872 4427 2074 4526 plura
2123 4427 2270 4500 sine
2319 4426 2536 4500 dubio
2579 4423 3009 4499 addidissent
3027 4480 3047 4512 ‚
3099 4421 3159 4494 si
3196 4423 3430 4496 nostra
3487 4421 3692 4496 vixis-

662 4549 811 4616 sent
868 4551 1116 4619 aetate.
1233 4546 1557 4644 Ipsorum
1610 4545 1855 4619 saltem
1900 4543 2204 4619 conditio
2224 4601 2244 4632 ,
2292 4543 2566 4641 istaque
2614 4549 2926 4640 tempora
2972 4537 3038 4614 ei
3084 4539 3368 4616 consilio
3415 4548 3692 4616 strenue

586 4715 591 4720 -
662 4663 1048 4762 peragendo
1092 4688 1233 4738 non
1274 4665 1470 4740 valde
1510 4666 1853 4742 favebant.
1936 4664 2238 4764 Negotia
2278 4662 2486 4738 modo
2517 4662 2816 4761 cogitate
2853 4660 3038 4735 varia
3056 4716 3077 4749 ,
3117 4660 3376 4759 quibus
3419 4658 3688 4748 obruti,

664 4776 813 4855 lites
860 4782 1353 4860 ecclesiasticas
1372 4842 1391 4874 ‚
1443 4794 1513 4860 et
1564 4785 1805 4862 turbas
1848 4785 1922 4862 in
1951 4808 2110 4884 rep.
2162 4792 2345 4861 ortas
2365 4843 2386 4874 ,
2437 4783 2695 4883 quibus
2741 4782 3042 4859 immixti
3085 4781 3400 4869 fuerunt3
3429 4774 3689 4880 postea
