4766 6034
1167 615 1301 685 204
2376 616 2976 684 111111013.

1164 827 1355 899 cium
1374 884 1395 913 ,
1464 825 1565 900 ita
1630 830 1709 899 ut
1768 824 1975 901 aliam
2034 832 2367 927 agnoscat
2427 826 2908 901 auctoritatem
2956 824 3226 900 nullam
3267 848 3484 924 quam
3531 849 3714 925 quae
3759 826 3836 901 in
3887 826 4196 927 diligenti

1166 947 1801 1046 phaenomeuorum
1844 945 2321 1023 observatione
2367 950 2439 1019 et
2475 946 2986 1045 comparatione
3021 952 3096 1020 et
3131 944 3420 1021 veritate
3471 970 3560 1022 ex
3595 945 3710 1023 his
3747 946 3963 1023 rebus
3999 947 4198 1023 ducta

1168 1067 1259 1141 sit
1306 1067 1552 1166 posita.

1264 1188 1407 1262 Sed
1475 1188 1567 1263 ab
1626 1187 1841 1263 altera
1914 1194 2112 1287 parte
2176 1186 2518 1261 Ordinem
2585 1210 2731 1261 non
2777 1184 3110 1287 fugerunt
3153 1185 3232 1260 in
3285 1210 3492 1287 opere
3543 1187 3750 1276 vitia,
3819 1187 3910 1261 de
3953 1186 4200 1287 quibus

1168 1309 1434 1408 aliquid
1498 1309 1929 1384 monendum
1993 1307 2416 1383 existimavit
2477 1308 2585 1381 vel
2637 1308 2712 1381 in
2765 1308 3066 1383 auctoris
3089 1307 3436 1407 gratiam.
3537 1307 3784 1383 Oratio
3825 1307 3980 1383 eius
4027 1308 4202 1383 culta

1166 1429 1455 1503 minime
1519 1429 1657 1505 dici
1708 1435 1978 1528 potest3
2046 1427 2331 1527 attingit
2395 1427 2562 1503 talia
2625 1436 2866 1501 auctor
2923 1425 3221 1502 subinde
3291 1452 3474 1528 quae
3523 1428 3586 1503 si
3631 1427 4201 1503 delineationibus

1170 1558 1293 1624 aut
1337 1550 1759 1650 praeparatis
1808 1548 2065 1625 additis
2102 1548 2586 1623 illustravisset
2605 1606 2628 1637 ‚
2676 1572 2926 1647 operae
2972 1548 3274 1647 pretium
3321 1548 3606 1622 omnino
3649 1547 3948 1625 fecisset.
4029 1548 4200 1623 Iau-

1172 1670 1364 1746 davit
1418 1672 1561 1746 iam
1610 1671 1804 1745 Ordo
1848 1670 1923 1745 in
1970 1676 2247 1746 auctore
2299 1668 2490 1767 quod
2532 1692 2674 1743 non
2729 1693 2804 1742 se
2853 1668 3182 1768 cuiquam
3227 1668 3686 1769 mancipavit;
3735 1669 3862 1744 sed
3909 1668 4202 1769 pruden-

1168 1790 1342 1865 tiam
1382 1798 1617 1865 tamen
1659 1791 1733 1864 in
1781 1790 1991 1865 modo
2032 1814 2173 1889 quo
2209 1790 2446 1889 plures
2500 1814 2612 1864 res
2649 1790 3039 1889 propositae
3075 1796 3242 1865 sunt
3273 1789 3706 1865 desideravit.
3757 1790 3853 1864 Et
3880 1790 4228 1889 quemadz

1168 1909 1460 1984 modum
1522 1910 1806 2009 ingenio
1844 1911 2151 1985 multum
2200 1910 2427 1985 valere
2473 1917 2824 1985 auctorem
2863 1908 3396 1997 animadvertit,
3443 1910 3546 1985 ita
3596 1934 3736 1985 non
3786 1919 4003 2011 negat
4056 1936 4204 1985 eum

1170 2030 1451 2129 ingenio
1508 2031 1865 2105 interdum
1926 2031 2229 2105 abusum
2301 2027 2518 2103 fuisse
2577 2038 2650 2103 et
2707 2022 3201 2105 similitudines
3261 2036 3333 2101 et
3397 2027 3750 2129 analogias
3794 2029 4205 2127 quaesivisse

1170 2177 1347 2251 quas
1382 2152 1727 2234 maturius
1774 2152 2113 2229 iudicium
2156 2150 2438 2227 reiicere
2483 2150 2783 2239 debeat,
2829 2150 2930 2225 ita
2979 2157 3062 2223 ut
3107 2147 3360 2223 Ordini
3401 2172 3682 2247 quoque
3725 2149 4016 2225 minime
4063 2174 4206 2226 vera

1170 2273 1316 2346 visa
1370 2273 1510 2346 sint
1561 2272 1796 2347 omnia
1846 2297 2308 2372 quaecunque
2352 2271 2428 2345 in
2477 2270 2949 2371 disputatione
2997 2277 3166 2344 sunt
3218 2268 3508 2368 prolata.
3609 2268 3794 2343 Sunt
3845 2294 4016 2345 sane
4053 2269 4206 2345 haec

1170 2394 1337 2467 vitia
1406 2394 1693 2468 iuvenili
1752 2392 1965 2468 aetati
2023 2391 2165 2468 fere
2232 2391 2508 2491 propria
2527 2444 2552 2484 ,
2601 2391 2726 2465 sed
2772 2416 2950 2490 quae
2999 2390 3273 2465 silentio
3325 2390 3696 2487 praeterire
3746 2389 3978 2464 noluit
4027 2389 4206 2463 Ordo

1169 2538 1257 2587 ne
1319 2513 1584 2591 auctori
1652 2537 1863 2611 quem
1922 2512 2165 2611 magni
2236 2512 2402 2586 facit
2453 2535 2740 2585 aureum
2791 2510 3002 2585 illud:
3079 2539 3118 2579 u
3139 2534 3337 2585 nosce
3377 2518 3447 2585 te
3488 2512 3764 2607 ipsum’'
3821 2509 4218 2585 inculcandi

1168 2633 1597 2708 occasionem
1650 2632 2003 2733 negligat,
2068 2639 2141 2706 et
2206 2639 2289 2705 ut
2336 2655 2501 2705 eum
2544 2654 2686 2705 non
2733 2630 2879 2706 solo
2926 2630 3210 2730 ingenio
3251 2630 3376 2711 sed
3419 2638 3738 2705 accurata
3785 2628 4102 2707 doctrina
4145 2638 4214 2705 et

1166 2752 1427 2826 iudicio
1476 2759 1751 2826 maturo
1802 2751 1875 2824 in
1928 2750 2313 2851 disciplinis
2360 2776 2540 2852 opus
2586 2776 2736 2827 esse
2785 2753 3047 2827 docea‘t.

1268 2870 1533 2945 Verum
1584 2870 1717 2947 hoc
1768 2879 1931 2946 utut
1980 2878 2087 2947 est
2141 2872 2293 2947 eius
2346 2872 2566 2947 labori
2615 2873 2918 2971 primum
2969 2873 3200 2948 locum
3247 2872 3698 2947 tribuendum
3751 2896 3902 2947 esse
3949 2871 4212 2947 censuit

1172 2992 1366 3067 Ordo
1388 3052 1409 3081 ,
1460 2992 1573 3068 cui
1620 2993 1973 3094 responsio
2012 2992 2073 3068 si
2123 2994 2444 3068 universe
2487 2992 2680 3094 loqui
2733 2993 2934 3070 liceat
2975 2994 3356 3070 admodum
3403 2992 3686 3094 placuit.

1268 3116 1587 3190 Alterum
1653 3138 2063 3214 responsum
2130 3113 2381 3190 Latine
2443 3114 2910 3214 conscriptum
2977 3114 3150 3190 item
3215 3114 3520 3190 multum
3587 3113 3850 3214 placuit
3924 3112 4172 3187 Ordini
4191 3170 4210 3198 ,

1170 3233 1343 3332 quin
1388 3234 1490 3310 ita
1536 3235 2006 3335 conscriptum
2059 3241 2167 3310 est
2206 3241 2291 3308 ut
2330 3233 2528 3308 nullo
2568 3235 2780 3310 modo
2823 3233 3282 3310 dubitavisset
3325 3235 3392 3309 ei
3433 3233 3820 3332 praemium
3875 3232 4178 3308 tribuere
4191 3289 4210 3318 ,

1165 3354 1303 3428 nisi
1345 3354 1649 3452 primum
1691 3353 1869 3428 illud
1917 3354 2387 3455 praestantius
2431 3355 2660 3430 visum
2703 3355 2770 3429 ei
2808 3354 3076 3432 fuisset.

1266 3473 1367 3546 Ut
1431 3473 1523 3549 ab
1585 3480 1870 3548 externa
1924 3473 2147 3550 forma
2190 3473 2610 3574 incipiamus
2661 3475 2880 3550 oratio
2931 3482 3072 3574 qua
3113 3499 3520 3579 expressum
3567 3483 3676 3550 est
3721 3472 4102 3574 probabilis
4143 3481 4214 3546 et

1168 3600 1514 3691 quantum
1582 3593 1656 3667 in
1719 3594 2061 3668 eiusmodi
2124 3602 2542 3693 argumento
2596 3595 2746 3669 iure
2797 3621 2842 3670 a
2901 3595 3151 3670 iuvene
3219 3597 3564 3694 requirere
3613 3596 3774 3672 licet
3821 3593 3990 3668 satis
4040 3592 4211 3666 bene

1166 3712 1419 3787 Latina
1436 3771 1457 3801 ,
1508 3712 1605 3786 ita
1651 3720 1733 3787 ut
1780 3713 1987 3788 laude
2035 3714 2251 3814 digna
2299 3714 2759 3790 existimanda
2809 3714 2919 3790 sit.

1266 3831 1532 3907 Addita
1592 3839 1759 3908 sunt
1800 3841 2201 3934 praeparata
2242 3820 2730 3935 microscopica
2772 3859 3064 3912 numero
3107 3837 3351 3914 multa.
3455 3837 3790 3912 Adiectae
3833 3833 3999 3912 dein
4043 3833 4210 3906 deli-

1166 3953 1523 4028 neationes
1565 3951 2023 4028 nitidissimae
2038 4011 2058 4043 ,
2097 3979 2275 4053 quas
2320 3979 2596 4060 summa
2639 3981 2806 4032 cura
2851 3956 3310 4032 conficiendas
3355 3955 3623 4034 curavit
3669 3960 3933 4030 auctor.
4037 3952 4208 4026 Uni-

1168 4097 1404 4148 versus
1440 4071 1721 4148 habitus
1770 4079 2095 4148 externus
2144 4073 2355 4150 huius
2395 4081 2730 4152 tractatus
2770 4101 2933 4152 eum
2973 4077 3416 4152 commendat
3455 4082 3737 4176 propter
3771 4073 4206 4173 diligentiam

1164 4194 1237 4268 in
1303 4219 1387 4268 eo
1446 4193 1922 4293 componendo
1988 4202 2061 4268 et
2115 4195 2535 4270 absolvendo
2585 4195 2904 4294 positam.
3003 4197 3156 4272 Nec
3207 4195 3444 4270 minus
3491 4219 3808 4270 summae
3853 4192 3928 4266 in
3975 4191 4206 4267 elabo-

1162 4313 1427 4388 ratione
1462 4337 1666 4388 curae
1705 4313 1969 4412 positae
2014 4313 2213 4388 testis
2246 4322 2354 4388 est
2389 4314 2766 4414 disputatio
2803 4315 2974 4414 ipsa.
3075 4315 3508 4416 Conspectus
3549 4313 3916 4390 historicus
3959 4335 4206 4388 eorum

1165 4459 1345 4533 quae
1408 4433 1880 4509 recentissimo
1938 4440 2249 4534 tempore
2302 4434 2390 4509 de
2434 4434 2613 4510 liene
2669 4436 2924 4537 scripta
2971 4442 3174 4527 sunt,
3223 4435 3671 4536 plenissimus
3693 4491 3716 4524 ,
3765 4432 4158 4509 uberrimus
4183 4491 4206 4520 ,

1160 4552 1631 4630 lucidissimus
1644 4611 1666 4642 ,
1714 4553 1815 4630 ita
1862 4561 1943 4628 ut
1988 4553 2117 4630 hac
2164 4555 2239 4628 in
2285 4579 2361 4628 re
2411 4555 2526 4630 vix
2571 4556 2836 4656 aliquid
2884 4557 3228 4632 desideret
3276 4548 3494 4632 Ordo.

1258 4675 1431 4748 Pars
1478 4698 1657 4773 quae
1708 4676 2181 4774 experimenta
2222 4682 2295 4750 et
2338 4674 2848 4750 observationes
2890 4676 3201 4777 proprias
3247 4675 3548 4752 auctoris
3591 4675 3900 4752 continet
3918 4730 3940 4761 ,
4003 4672 4212 4748 testis

1164 4803 1269 4869 est
1311 4794 1593 4870 omnino
1641 4819 1935 4896 magnae
1982 4795 2365 4872 industriae
2388 4852 2410 4883 ,
2460 4793 2952 4871 observationis
3001 4795 3488 4897 microscopiae
3541 4795 3826 4896 peritiae
3873 4802 3946 4869 et
3983 4793 4208 4870 facul-
