4766 6034
1755 625 2312 696 ORATIO.
3476 632 3565 701 43

527 832 810 911 meritus
875 832 1002 907 Ds.
1049 832 1514 907 Mamurram
1575 838 1798 908 artem
1855 833 2138 909 donavit
2153 867 2170 922 ;
2235 832 2649 933 excogitavit
2706 836 2823 911 ille
2888 835 3275 913 vincturam
3338 864 3563 939 gypso

528 955 894 1055 liquefacto
955 952 1299 1029 imbutam
1321 1010 1342 1041 ,
1405 950 1604 1027 cuius
1652 952 1742 1027 de
1783 954 2208 1054 praestantia
2251 977 2392 1029 non
2443 954 2686 1029 solum·
2713 956 2785 1030 in
2840 957 3063 1056 patria
3106 968 3377 1047 nostra,
3440 962 3565 1034 sed

525 1078 704 1151 inter
757 1100 1000 1151 omnes
1045 1073 1312 1173 ubique
1359 1071 1696 1147 doctiores
1748 1075 2088 1150 convenit.
2187 1076 2445 1175 Neque
2479 1058 2643 1151 inde
2698 1078 2786 1153 de
2838 1079 3369 1155 Msr‘rmsnnn
3417 1105 3560 1156 me·-
3681 1122 3687 1131 ·

522 1197 653 1272 rito
717 1197 825 1272 vel
887 1195 1240 1271 tantillum
1303 1194 1710 1284 detrahitur,
1780 1196 1968 1294 quod
2039 1197 2141 1271 vir
2202 1197 2625 1272 clarissimus
2696 1200 3073 1275 Pmooorr
3137 1200 3417 1276 laudem
3460 1201 3565 1275 illi

523 1317 828 1392 debitam
893 1316 1030 1391 sibi
1093 1324 1384 1391 conatus
1447 1324 1554 1390 est
1621 1318 2006 1407 vindicare;
2078 1326 2314 1393 manet
2374 1320 2922 1395 MArrHstmo
2970 1319 3291 1395 inventae
3342 1346 3561 1396 novae

519 1438 802 1513 rationis
861 1438 1015 1511 laus
1035 1496 1056 1525 ,
1125 1460 1336 1535 quam
1383 1436 1732 1512 immerito
1763 1438 1862 1512 illi
1907 1438 2166 1537 eripere
2216 1438 2555 1513 annititur
2608 1439 2731 1537 qui
2778 1440 2939 1514 novi
2982 1439 3085 1514 nil
3134 1440 3519 1516 introduxit
3535 1500 3556 1530 ,

521 1558 642 1633 sed
689 1556 990 1631 mutavit
1038 1557 1522 1632 tantummodo
1541 1615 1562 1645 ,
1611 1556 1684 1632 in
1737 1557 1928 1657 quod
1975 1558 2148 1632 alter
2192 1558 2378 1657 prior
2423 1558 2780 1633 inciderat.

611 1677 1206 1753 Perlustrantibus
1276 1702 1478 1775 porro
1544 1676 1846 1776 reliquas
1901 1678 2288 1777 chirurgiae
2355 1678 2745 1777 operativae
2816 1687 3047 1777 partes
3111 1680 3375 1754 nullam
3418 1679 3561 1754 fere

517 1824 664 1873 esse
717 1806 1006 1899 apparet
1029 1857 1048 1888 ,
1099 1798 1269 1897 quin
1319 1806 1558 1873 nostra
1598 1806 1827 1873 aetate
1871 1800 2224 1898 complura
2245 1858 2264 1888 ,
2313 1798 2777 1897 pulcherrima
2822 1799 3326 1898 utilissimaque
3366 1824 3563 1898 cepe-

515 1920 604 1993 rit
663 1920 1112 1993 incrementa.
1215 1921 1418 1998 Quae
1474 1919 1752 2019 singula
1801 1926 2094 2017 possunt
2138 1944 2288 1994 esse
2333 1919 2751 1995 documento
2803 1918 2933 1993 hoc
2996 1921 3361 2021 praecipue
3414 1921 3559 1995 chi-

515 2040 742 2139 rurgis
792 2064 996 2115 curae
1045 2062 1196 2114 esse
1239 2047 1312 2113 et
1359 2039 1572 2127 cordi,
1617 2048 1700 2114 ut
1722 2099 1741 2128 ,
1793 2048 2132 2137 quantum
2185 2039 2487 2114 maxime
2532 2040 2683 2114 fieri
2730 2040 2987 2138 possit,
3039 2032 3559 2115 vehementiori-

514 2160 646 2235 bus
714 2160 1256 2259 sanguineisque
1318 2161 1608 2236 sanandi
1660 2169 1946 2259 parcant
2011 2160 2397 2235 rationibus
2446 2168 2657 2259 atque
2712 2186 2987 2236 summo
3042 2186 3247 2262 opere
3292 2186 3563 2237 conser-

515 2305 668 2355 vare
737 2280 1056 2355 nitantur
1117 2280 1308 2379 quod
1377 2281 1804 2381 amputando
1875 2280 2168 2356 abiicere
2241 2289 2311 2355 et
2378 2272 2605 2355 delere
2668 2282 2985 2381 religioni
3052 2282 3359 2369 ducunt,
3428 2283 3565 2357 nisi

517 2408 785 2475 servato
833 2400 1208 2476 laborantis
1253 2401 1438 2475 salus
1485 2401 1557 2475 in
1607 2400 1975 2476 discrimen
2016 2400 2234 2500 possit
2291 2401 2565 2476 adduciss
2668 2404 2755 2475 In
2795 2403 3043 2502 primis
3068 2403 3413 2478 censenda
3454 2414 3561 2478 est

511 2517 930 2616 litbotripsia
947 2576 967 2605 ,
1045 2519 1120 2593 in
1186 2542 1328 2617 qua
1401 2520 1676 2625 culmen
1744 2519 2240 2619 fastigiumque
2311 2520 2731 2621 conspicitur
2750 2582 2769 2612 ,
2849 2522 2941 2597 ad
2988 2523 3181 2622 quod
3226 2524 3557 2597 Francica

515 2640 769 2715 saeculi
834 2638 1054 2714 nostri
1117 2638 1465 2740 chirurgia
1525 2641 1906 2717 adscendit.
2005 2640 2256 2717 Paucis
2313 2666 2550 2716 recens
2598 2642 2879 2717 inventa
2925 2643 3204 2743 cognita
3244 2651 3315 2717 et
3368 2668 3559 2719 exer-

511 2762 642 2836 cita
685 2786 858 2836 mox
899 2782 1270 2835 commune
1317 2760 1582 2837 bonum
1631 2770 1738 2836 est
1783 2761 1966 2837 facta
1985 2821 2004 2850 ,
2063 2762 2238 2837 adeo
2297 2770 2381 2836 ut
2428 2762 2693 2836 nemini
2738 2788 2977 2839 eorum
3000 2822 3019 2852 ,
3069 2763 3193 2862 qui
3246 2764 3317 2837 in
3370 2789 3559 2840 exer-

513 2882 732 2957 cenda
792 2890 940 2957 arte
983 2906 1200 2955 manu
1247 2882 1538 2957 curandi
1586 2881 1766 2956 vitae
1813 2882 2186 2957 stationem
2229 2891 2502 2981 ponunt
2522 2941 2543 2971 ,
2590 2882 2792 2957 liceat
2836 2908 2985 2977 esse
3026 2884 3283 2985 hospiti
3330 2886 3403 2961 in
3448 2910 3564 2975 e0,

509 3002 694 3100 quod
767 3001 1224 3102 lithotripsiae
1271 3002 1694 3079 encheiresin
1740 3002 2260 3079 nominaverim.
2357 3003 2527 3076 Fert
2572 3010 2807 3078 tamen
2849 3003 3072 3102 ipsius
3124 3005 3223 3078 rei
3270 3014 3521 3083 natura
3538 3066 3559 3095 ,

513 3131 592 3197 ut
641 3124 844 3200 haud·
900 3123 1000 3198 ita
1045 3149 1346 3224 magnus
1396 3125 1487 3200 sit
1532 3125 2012 3224 chirurgorum
2055 3147 2391 3197 numerus
2409 3182 2430 3211 ,
2490 3124 2615 3222 qui
2666 3123 2875 3198 huius
2926 3124 3277 3200 faciendae
3322 3152 3561 3228 opera-

507 3243 715 3319 tionis
767 3245 842 3318 in
897 3269 970 3318 se
1019 3245 1400 3345 suscipiant
1446 3246 1888 3345 provinciam.

601 3365 830 3443 Quod
875 3364 1021 3439 dixi
1085 3365 1506 3466 chirurgiam
1573 3365 1762 3440 hisce
1831 3364 2264 3464 temporibus
2324 3388 2481 3440 eam
2544 3365 2679 3439 sibi
2738 3365 3087 3465 scripsisse
3139 3365 3363 3466 legem
3387 3425 3407 3454 ,
3474 3375 3556 3442 ut

507 3493 952 3560 conservetur
1023 3485 1212 3584 quod
1285 3487 1432 3562 sine
1503 3487 1878 3562 laborantis
1957 3485 2372 3561 detrimen-to
2443 3485 2827 3560 conservari
2897 3491 3151 3584 queat,
3234 3510 3389 3561 eam
3461 3486 3563 3562 ita

505 3605 878 3704 praecipue
927 3605 1250 3681 videbitis
1301 3632 1450 3682 esse
1502 3607 1936 3682 observatam
1959 3666 1978 3696 ,
2017 3616 2100 3681 ut
2135 3606 2338 3682 anxie
2378 3605 2725 3681 evitentur
2776 3607 3205 3705 operationes
3226 3665 3245 3695 ,
3300 3607 3561 3706 quibus

509 3724 816 3823 corporis
865 3733 1094 3823 partes
1121 3725 1462 3814 delentur,
1486 3727 1826 3826 imprimis
1848 3727 2378 3826 amputationes,
2449 3727 2621 3802 Dira
2663 3735 2771 3801 est
2809 3753 2888 3802 ac
2922 3728 3171 3816 tristia,
3216 3727 3310 3802 ad
3344 3753 3557 3826 quam

506 3843 878 3946 chirurgus
907 3845 1250 3940 ‚defertur
1265 3907 1283 3935 ,
1342 3848 1718 3922 necessitas
1738 3908 1757 3937 ,
1809 3857 1890 3921 ut
1933 3847 2150 3921 totius
2195 3846 2513 3922 servandi
2558 3848 2936 3947 organismi
2984 3847 3206 3948 gratia
3253 3847 3561 3946 aliquam

507 3963 658 4040 eius
728 3978 1008 4065 partem
1073 3967 1514 4070 exstinguere
1564 3961 1885 4068 cogatur,
1952 3967 2212 4042 invitus
2258 3968 2452 4067 gravi
2497 3968 2911 4067 ingratoque
2965 3968 3187 4043 officio
3238 3968 3559 4067 fungitur

508 4087 696 4184 quod
783 4087 896 4160 vel
957 4087 1382 4163 faustissimo
1451 4096 1707 4164 eventu
1785 4095 2145 4188 peractum
2193 4087 2541 4162 miseratio
2599 4088 3026 4187 insequitur,
3074 4088 3277 4185 inops
3332 4112 3557 4185 quum

507 4207 845 4305 conspicit
929 4206 1303 4282 laborantis
1393 4217 1465 4284 et
1551 4209 1880 4283 mutilum
1979 4230 2248 4306 corpus.
2375 4205 2573 4285 Quid
2658 4208 2910 4282 mirum
2991 4207 3243 4306 igitur,
3320 4210 3511 4305 quod
3532 4267 3553 4297 ,

505 4325 922 4424 priusquam
990 4325 1268 4401 fatalem
1341 4335 1410 4402 et
1469 4329 1980 4404 irrevocabilem
2044 4327 2133 4401 de
2189 4325 2435 4400 vitiosa
2502 4328 2802 4424 corporis
2868 4334 3061 4425 parte
3132 4326 3548 4401 sententiam

505 4445 955 4540 pronuntiat,
1029 4445 1314 4521 sollicite
1374 4448 1840 4549 circumspicit
1907 4473 2034 4522 nec
2103 4447 2328 4522 ullum
2392 4446 2879 4544 praetermittit
2962 4446 3551 4544 quantulumcun-

509 4588 644 4661 que
726 4565 1101 4662 vestigium
1130 4626 1148 4654 ,
1221 4591 1367 4666 quo
1429 4577 1697 4644 servata
1759 4569 1878 4642 illa
1942 4573 2138 4667 parte
2204 4567 2278 4642 in
2327 4565 2571 4642 salutis
2644 4565 2826 4640 viam
2894 4565 3113 4664 possit
3186 4565 3550 4664 perveniri.

399 4702 406 4708 ’
510 4684 724 4760 Quod
793 4685 880 4758 fit
948 4685 1296 4761 interdum
1373 4697 1636 4765 resecta
1685 4698 1882 4788 parte
1935 4689 2168 4788 aliqua
2219 4686 2656 4761 fundamenti
2714 4685 2965 4760 osteini
3012 4685 3163 4760 eius
3211 4685 3509 4761 membri
3528 4745 3549 4773 ‚

508 4806 698 4900 quod
772 4805 1020 4880 morbo
1083 4813 1189 4880 est
1243 4807 1592 4885 affectum.
1697 4811 2062 4910 Occupant
2121 4806 2523 4882 huiusmodi
2581 4805 3013 4907 operationes
3060 4805 3136 4880 in
3203 4805 3551 4905 chirurgia
3610 4921 3616 4927 ·

2912 4997 2915 5004 .
2982 4925 3073 4998 6*
