4766 6034
1858 645 2415 716 ORATIO.
3532 643 3659 711 133

627 853 814 952 quod
875 861 946 928 et
1003 853 1179 929 hanc
1242 853 1558 958 quamvis
1623 853 2100 932 absconditam
2153 856 2270 930 vel
2311 853 2589 929 nebulis
2636 853 3011 928 obductam
3035 912 3054 940 ,
3116 853 3190 926 in
3242 851 3377 928 illis
3420 853 3661 927 errori-

626 975 761 1048 bus
795 973 1254 1073 ·studiisque‚
1313 997 1491 1072 quae
1540 974 1854 1052 Cnmsrr
1905 977 2537 1076 Apostolorumque
2606 975 2825 1049 menti
2887 973 3271 1048 admodum
3320 973 3661 1048 contraria

624 1094 878 1170 dixeris
905 1141 1005 1158 —-
1033 1095 1538 1170 Monachorum
1583 1120 1664 1169 ac
1715 1096 2124 1195 Stylitarum
2171 1096 2387 1171 vitam
2430 1096 2803 1171 asceticam
2825 1154 2846 1183 ,
2892 1094 3427 1194 Flagellantium
3477 1094 3661 1168 insa-

625 1241 751 1296 nos
800 1216 1064 1290 furores
1079 1273 1099 1304 ‚
1160 1215 1620 1312 Mysticorum
1672 1218 1938 1292 somnia
1981 1218 2210 1318 cogito
2262 1263 2358 1278 —
2407 1215 2602 1291 haud
2648 1241 2927 1314 prorsus
2982 1216 3473 1291 desideramus.
3573 1217 3669 1289 Et

627 1337 763 1412 iam
785 1394 804 1424 ,
860 1359 1080 1434 quum
1130 1335 1390 1436 fugatis
1447 1335 1722 1411 nebulis
1775 1338 2018 1413 laetior
2088 1362 2127 1412 e
2189 1338 2493 1413 tenebris
2530 1336 2907 1435 ⁸affulgeret
2958 1335 3106 1410 dies
3154 1380 3255 1396 —-
3294 1336 3516 1436 ipsam
3556 1361 3663 1412 sa-

627 1481 900 1530 crorum
944 1456 1510 1532 instaurationem
1539 1483 1576 1531 e
1604 1481 1810 1532 sensu
1848 1459 2090 1534 morali
2109 1519 2130 1549 ‚
2173 1459 2314 1534 iam
2348 1459 2619 1558 pridem
2657 1455 2992 1532 altissimo
3024 1481 3265 1530 somno
3302 1481 3662 1556 oppress0,

631 1578 753 1652 sed
824 1577 1111 1652 demum
1183 1577 1663 1677 expergefacto
1684 1638 1703 1666 ,
1779 1579 2116 1678 originem
2205 1603 2402 1654 suam
2468 1578 2757 1653 traxisse
2827 1584 2899 1651 et
2971 1576 3346 1652 laetissima
3406 1570 3668 1676 cepisse

629 1697 1050 1773 incrementa
1075 1757 1094 1786 ‚
1169 1698 1482 1774 Historia
1551 1699 1730 1774 bene
1789 1707 2148 1798 perspecta
2215 1725 2342 1775 nos
2393 1699 2613 1774 docet.
2717 1698 2967 1796 Neque
3014 1696 3237 1772 solum
3284 1696 3665 1771 reformati-

631 1843 834 1894 onem
856 1877 877 1907 ,
948 1846 991 1894 a
1056 1819 1416 1896 Lurnnao
1469 1818 1578 1894 vel
1629 1820 1993 1912 Zumsmo
2038 1821 2432 1896 inchoatam
2453 1878 2474 1909 ,
2530 1819 2708 1892 hanc
2760 1819 3091 1892 moralem
3136 1818 3245 1892 vel
3295 1817 3667 1917 practicam

629 1938 932 2015 indolem
991 1940 1066 2014 in
1125 1939 1348 2014 fronte
1401 1939 1729 2040 gessisse,
1805 1942 1930 2016 sed
1984 1943 2385 2016 CALvmuM
2436 1941 2703 2041 ipsum,
2766 1938 2957 2013 haud
3012 1938 3245 2012 minus
3292 1939 3479 2012 vitae
3524 1962 3668 2012 mo-

629 2083 926 2158 rumque
993 2059 1508 2135 reformatorem
1565 2069 1776 2160 atque
1849 2062 2359 2137 emendatorem
2378 2120 2398 2148 ,
2476 2085 2691 2159 quam
2756 2059 3204 2159 Dogmatices
3264 2058 3677 2134 acerrimum

631 2186 1214 2278 propugnatorem
1274 2188 1348 2255 et
1406 2180 1749 2255 vindicem
1795 2205 1946 2254 esse
1999 2179 2375 2254 dicendum
2420 2217 2513 2232 -·
2560 2178 2858 2277 quisque
2904 2179 3256 2252 Historiae
3314 2177 3679 2275 indagator

634 2327 676 2376 a
727 2301 1027 2398 partium
1081 2301 1312 2376 studio
1354 2302 1621 2377 alienus
1665 2301 1985 2376 lubenter
2033 2300 2236 2375 nobis
2276 2301 2626 2376 concedet.
2703 2298 2901 2378 Quid
2939 2299 3186 2398 plura?
3253 2286 3677 2396 Quicunque

633 2422 708 2494 in
760 2421 1174 2520 Theologiae
1217 2422 1504 2497 Moralis
1549 2429 1760 2520 atque
1803 2423 2155 2498 Historiae
2199 2421 2717 2497 Ecclesiasticae
2770 2418 3084 2494 studium
3114 2419 3370 2518 pariter
3410 2419 3677 2494 incum-

636 2539 742 2612 bit
761 2597 780 2625 ,
830 2538 942 2613 hic
964 2598 983 2626 ,
1036 2547 1116 2613 ut
1167 2539 1442 2640 opinor,
1462 2597 1468 2602 .
1491 2539 1568 2614 in
1618 2541 1978 2616 Societatis
2019 2541 2451 2618 Christianae
2499 2541 2813 2616 Historia
2857 2539 3215 2615 tractanda
3258 2538 3493 2614 aliisve
3541 2545 3681 2612 tra·
3802 2607 3813 2614 .

637 2658 866 2733 denda
910 2659 1262 2735 NEANDRI
1312 2661 1612 2736 maxime
1658 2662 1967 2762 vestigiis
2015 2661 2331 2752 insistet,
2381 2669 2593 2761 atque
2634 2662 2708 2736 in
2760 2660 2949 2736 omni
2988 2659 3339 2748 Historia,
3388 2659 3461 2732 in
3512 2682 3685 2756 qua-

640 2778 810 2852 libet
877 2780 1264 2879 Religionis
1324 2782 1756 2860 Christianae
1812 2784 2070 2860 formae
2133 2784 2462 2860 varietate
2482 2841 2501 2872 ,
2566 2791 2638 2858 et
2689 2781 2931 2881 quovis
2969 2766 3285 2880 ‘tempore
3305 2837 3325 2868 ‚
3375 2778 3685 2853 luculen-

640 2899 1028 3009 tissimum,
1097 2901 1284 2976 unde
1347 2902 1556 2977 huius
1615 2902 2000 3002 Religionis
2055 2902 2160 2976 vis
2218 2911 2431 3002 atque
2482 2901 2751 2976 indoles
2800 2899 3100 2975 maxime
3146 2897 3425 2974 moralis
3478 2922 3688 2996 appa-

640 3028 790 3097 reat
806 3080 828 3109 ,
879 3021 1070 3097 haud
1115 3022 1370 3099 frustra
1420 3023 1556 3097 sibi
1607 3032 1892 3121 quaeret
1941 3024 2459 3099 documentum.

740 3143 841 3216 At
887 3143 1202 3240 quamvis
1242 3144 1596 3218 Nmnnm
1633 3144 1998 3219 consilium
2019 3202 2038 3233 ,
2103 3144 2179 3219 id
2217 3144 2487 3243 agentis
2504 3202 2523 3233 ,
2560 3152 2656 3229 sut
2691 3143 3004 3219 Historia
3044 3148 3221 3217 teste
3264 3165 3345 3216 ac
3383 3137 3688 3227 vindice,
3718 3228 3745 3249 κ

643 3261 1030 3361 Religionis
1079 3263 1510 3340 Christianae
1558 3264 1864 3363 genuina
1908 3264 2208 3339 eluceret
2265 3265 2684 3364 praestantia
2707 3322 2727 3353 ‚
2790 3286 3223 3361 summopere
3279 3260 3649 3335 laudamus
3672 3316 3694 3347 ,

645 3383 877 3457 nescio
937 3390 1170 3459 tamen
1224 3410 1316 3461 an
1370 3386 1458 3459 iis
1506 3385 2024 3461 assentiendum
2080 3386 2208 3474 sit,
2275 3385 2399 3483 qui
2438 3384 2800 3485 egregium
2848 3383 3099 3456 Virum
3157 3381 3231 3456 in
3282 3380 3695 3480 inquirenda

645 3503 962 3579 Historia
1024 3504 1533 3604 aliquantulum
1596 3507 1801 3605 genio
1855 3506 2264 3593 indulsisse,
2315 3514 2386 3580 et
2427 3531 2552 3605 pro
2598 3504 2829 3579 nativa
2864 3502 3115 3578 indolis
3160 3526 3327 3577 suae
3370 3525 3693 3576 mansue-
3748 3596 3754 3602 ί

648 3623 895 3698 tudine
916 3682 936 3713 ‚
1004 3626 1269 3722 optima
1325 3626 1608 3725 quaevis
1669 3632 2020 3724 sperante,
2084 3624 2441 3699 interdum
2500 3624 2589 3699 de
2637 3622 3035 3698 hominibus
3082 3630 3151 3696 et
3194 3622 3405 3697 rebus
3454 3620 3697 3696 mitius

615 3748 862 3843 'quam
910 3744 1138 3821 verius
1179 3746 1608 3823 existimasse
1659 3753 2005 3821 censeant.
2108 3745 2479 3844 Quidquid
2536 3745 2747 3819 huius
2797 3744 2898 3818 rei
2944 3752 3089 3832 est,
3138 3742 3525 3818 cavendum
3573 3767 3696 3818 no-

651 3864 764 3939 bis
823 3889 974 3939 esse
1032 3890 1121 3941 ne
1177 3875 1428 3943 cuncta
1473 3868 1582 3943 vel
1624 3868 1842 3943 nimia
1882 3868 1955 3942 in
2007 3868 2318 3943 Historia
2373 3866 2722 3943 laudando
2780 3865 3056 3941 cuidam
3111 3865 3417 3964 partium
3467 3863 3700 3938 studio

653 3985 979 4059 inservire
1039 3985 1398 4062 videamur
1438 3988 1842 4087 probatione
1887 3988 2002 4063 vix
2044 3987 2333 4088 indiget.
2439 3988 2579 4063 Sed
2633 3986 2723 4061 ab
2769 3986 2899 4061 hoc
2950 4009 3227 4084 quoque
3272 3983 3513 4059 sedulo
3565 3982 3701 4058 sibi

656 4104 965 4194 cavebit,
1033 4107 1431 4206 quicunque
1497 4108 1850 4183 Historiae
1906 4108 2424 4183 Ecclesiasticae
2481 4114 2693 4205 atque
2740 4106 3023 4181 Ethices
3070 4105 3501 4179 Christianae
3550 4110 3696 4176 stu·-

658 4225 858 4299 dium
923 4234 1110 4301 arcte
1164 4227 1615 4303 coniunxerit.
1719 4228 1965 4303 Ubivis
2008 4227 2082 4302 in
2129 4226 2443 4303 Historia
2460 4285 2480 4314 ‚
2543 4252 2683 4326 qua
2727 4226 2865 4301 late
2910 4233 3142 4325 patet,
3190 4225 3251 4299 is
3292 4224 3524 4299 videat
3573 4246 3695 4296 ne-

655 4370 850 4420 cesse
893 4354 1030 4435 est,
1081 4355 1506 4448 quantopere
1551 4348 1896 4429 abstracta
1934 4372 2165 4423 rerum
2205 4347 2593 4423 divinarum
2626 4346 3115 4445 contemplatio
3132 4404 3153 4434 ‚
3195 4342 3698 4439 abstrusior-um

658 4466 1071 4565 dogmatum
1141 4470 1504 4569 inquisitio
1524 4528 1545 4559 ,
1609 4476 1820 4569 atque
1887 4494 2136 4546 arcana
2199 4468 2334 4542 Dei
2392 4466 2690 4543 rimandi
2738 4474 2811 4541 et
2859 4464 3335 4565 perscrutandi
3384 4461 3701 4537 studium

658 4611 825 4662 cum
873 4587 1288 4689 Theologiae
1327 4590 1580 4664 Morali
1621 4597 1775 4665 tum
1828 4614 2104 4668 morum
2147 4587 2613 4666 emendationi
2662 4586 2797 4687 ipsi
2840 4594 2911 4661 et
2956 4586 3135 4661 vitae
3173 4609 3329 4659 vere
3368 4582 3701 4658 Christia-

661 4730 796 4783 nae
861 4700 1243 4786 nocuerint.
1345 4708 1630 4785 Dolebit
1645 4767 1664 4797 ,
1737 4710 2032 4799 dolebit,
2081 4709 2365 4809 inquam
2394 4766 2413 4797 ,
2461 4707 2653 4783 omni
2703 4706 2845 4782 fere
2889 4715 3199 4807 tempore
3246 4713 3441 4781 extra
3495 4712 3707 4803 atque

663 4827 850 4903 intra
902 4829 1282 4905 Ecclesiam
1326 4828 1488 4929 plus
1535 4829 2099 4929 philosophatum
2151 4854 2302 4905 esse
2359 4828 2628 4905 scholae
2676 4852 2889 4927 quam
2938 4827 3117 4903 vitae
3133 4886 3153 4918 ,
3222 4834 3308 4901 et·
3344 4833 3708 4901 sectatores
