4766 6034
1218 631 1344 696 192
2328 631 2382 696 1.·
2450 631 2526 698 A.
2597 631 2664 700 c,
2734 601 3178 698 novalis

1212 860 1603 913 memorans
1621 896 1641 927 ‚
1707 838 2129 914 lenissimam
2190 838 2402 914 audio
2465 840 3104 939 reprehensionem:
3171 840 3388 916 videri
3453 842 3642 918 illam
3691 843 3936 918 aetatis
3983 851 4232 918 nostrae

1213 960 1289 1039 in
1339 981 1673 1032 novorum
1721 958 2021 1034 fontium
2075 958 2520 1059 indagatione
2569 986 2808 1037 curam
2828 1020 2851 1052 ,
2899 987 3318 1063 quamquam
3381 963 3799 1039 laudabilem
3821 1022 3842 1053 ,
3889 964 4237 1063 prudenter

1216 1086 1449 1153 tamen
1514 1078 1888 1176 regendam
1952 1103 2138 1168 esse,
2187 1103 2279 1152 ne
2323 1079 2512 1179 ipsa,
2559 1080 2956 1158 inveniendi
3006 1107 3128 1182 spe
3173 1082 3463 1158 modum
3504 1083 3846 1159 excedens
3867 1142 3888 1174 ‚
3939 1107 4236 1184 persaepe

1112 1255 1119 1264 .
1213 1199 1593 1297 decipiatur
1612 1258 1631 1286 ‚
1708 1224 1873 1274 nam
1949 1200 2100 1275 fieri
2162 1224 2301 1274 non
2363 1225 2568 1300 posse
2591 1259 2612 1290 ,
2688 1203 2857 1301 quin
2918 1202 3219 1302 plurima
3285 1202 3566 1278 aliunde
3630 1211 3796 1278 nota
3867 1202 4232 1278 afferantur.

1210 1319 1459 1394 Facilis
1526 1327 1669 1407 est,
1736 1320 1823 1395 A.
1865 1321 1953 1395 A.
1979 1378 2000 1410 ,
2064 1327 2135 1394 et
2182 1321 2507 1420 expedita
2552 1323 2924 1421 responsio,
3027 1322 3328 1422 Cognita
3367 1323 3596 1398 afferri
3613 1382 3633 1412 ‚
3685 1324 3963 1423 saepius
4009 1321 4234 1422 gaudio

1210 1451 1317 1516 est
1395 1440 1889 1539 quaerentibus
1947 1465 2087 1514 non
2162 1441 2336 1539 quid
2391 1441 2592 1532 novi,
2663 1442 2786 1516 sed
2846 1443 3022 1542 quid
3086 1444 3256 1518 certi
3312 1445 3425 1519 sit.
3524 1443 3848 1520 Vultisne
3895 1443 4235 1542 exempla?

1208 1563 1373 1636 Duo
1432 1567 1847 1636 succurrunt
1898 1561 2089 1635 haud
2160 1561 2417 1661 inepta.
2517 1559 2860 1635 Herodoti
2913 1562 2988 1636 in
3044 1563 3286 1662 primis
3335 1564 3476 1639 fide
3526 1563 3900 1640 didicimus
3919 1622 3942 1654 ‚
4003 1565 4236 1662 Cyrum

1211 1691 1282 1756 et
1312 1681 1704 1780 Cambysen
1736 1681 1995 1781 priscos
2020 1681 2235 1756 fuisse
2264 1679 2536 1782 imperii
2576 1680 2832 1755 Persici
2874 1705 3094 1780 reges.
3169 1683 3430 1758 Contra
3470 1684 3638 1759 haec
3661 1691 3822 1760 ante
3850 1685 3980 1759 hos
4016 1707 4234 1759 novem

1211 1828 1429 1877 annos
1488 1803 1839 1876 subtiliter
1898 1810 2237 1902 acuteque
2292 1802 2636 1876 disserens
2695 1802 3037 1902 Georgius
3094 1805 3264 1878 Dux
3322 1805 3888 1880 Mancestriensis
3934 1807 3996 1893 1)
4024 1862 4044 1892 ,
4105 1827 4233 1902 per-

1211 1923 1430 1998 suasit
1498 1923 1848 1997 nonnullis
1868 1979 1889 2012 ,
1958 1923 2301 2023 principes
2367 1923 2522 1996 illos
2589 1929 2662 1996 et
2735 1922 2956 1997 serius
3019 1923 3270 1998 vixisse
3330 1931 3401 1998 et
3466 1925 3700 2024 potius
3755 1925 4234 2024 praefectorum

1207 2043 1555 2142 regiorum
1617 2027 1875 2117 munus
1948 2043 2202 2117 obiisse
2258 2069 2472 2142 quam
2495 2119 2510 2130 ,
2529 2067 2727 2141 reges
2777 2043 2991 2118 fuisse
3043 2045 3651 2145 αὐτοκράτορας.
3751 2044 4030 2119 Videtis
4050 2104 4069 2134 ,
4116 2043 4234 2143 pri·

1208 2187 1398 2238 mam
1466 2162 1789 2237 historiae
1852 2162 2167 2238 Persicae
2225 2171 2524 2239 aetatem
2572 2187 2852 2262 prorsus
2897 2163 3274 2240 immutari.
3380 2165 3520 2240 Sed
3562 2166 3830 2242 interea
3869 2191 3911 2240 a
3959 2165 4235 2240 Rawlin·

1208 2307 1377 2358 sono
1414 2282 1757 2381 descripta
1798 2290 1944 2357 erat
1985 2281 2249 2358 incluta
2293 2283 2415 2358 illa
2454 2282 2817 2357 Behistani
2859 2283 3263 2382 Inscriptio,
3314 2308 3528 2383 quam
3573 2285 3831 2360 Darius
3881 2259 4235 2383 Hystaspis

1205 2403 1391 2478 filius
1460 2402 1593 2477 sub
1666 2427 1933 2478 annum
2000 2402 2646 2501 quingentesimum
2708 2401 3390 2500 quintumdecimum
3458 2412 3833 2541 praerupto
3916 2405 4014 2480 ad
4083 2404 4236 2478 fines

1204 2523 1479 2600 Persiae
1518 2547 1681 2598 saxo
1713 2522 2012 2621 insculpi
2039 2523 2262 2597 iussit.
2362 2523 2554 2610 Iam,
2605 2521 2814 2596 huius
2841 2531 3038 2622 parte
3063 2524 3418 2622 explicita,
3466 2526 3700 2624 ipsum
3722 2549 3965 2625 regem
3993 2523 4231 2622 Darya·

1204 2644 1405 2718 wush
1468 2643 1555 2717 de
1612 2651 1909 2741 utroque
1970 2640 2323 2717 decessore
2366 2666 2497 2715 suo
2541 2641 2942 2741 loquentem
2987 2643 3312 2719 audimus
3354 2655 3426 2720 et
3475 2645 3575 2720 ita
3613 2670 3725 2720 res
3773 2669 3936 2720 suas
3980 2669 4234 2720 narran-

1204 2775 1351 2840 tem
1369 2802 1421 2854 ,·
1462 2771 1545 2838 ut
1606 2763 1809 2862 Magi
1868 2786 2148 2860 quoque
2213 2761 2593 2836 coniuratio
2666 2760 3016 2863 huiusque
3065 2763 3347 2852 caedes,
3409 2789 3454 2838 a
3500 2764 3853 2840 nonnullis
3896 2764 3993 2839 ad
4044 2761 4232 2838 tradi·

1206 2885 1429 2960 tiones
1496 2884 1738 2984 populi
1801 2882 2055 2958 relatae
2074 2939 2095 2971 ,
2168 2861 2794 2958 commemorentur
2847 2886 2939 2974 ²).
3044 2883 3247 2960 Quae
3307 2882 3382 2957 in
3439 2884 3550 2958 his
3612 2891 3780 2960 nota
3846 2893 4232 2970 occurrunt,

1204 3005 1442 3105 ecquis
1486 3030 1699 3080 sanus
1737 3002 2068 3105 negligit,
2118 3027 2348 3103 neque
2392 3002 2625 3103 potius
2671 3001 2972 3103 gaudet,
3022 3003 3191 3078 haec
3237 3028 3320 3079 eo
3361 3004 3764 3080 confirmata
3807 3030 3958 3080 esse
4009 3003 4231 3093 mod0,

1202 3126 1327 3225 qui
1400 3125 1652 3201 modus
1720 3149 2002 3199 omnem
2062 3123 2347 3199 sustulit
2417 3122 2770 3198 dubitanti
2824 3118 3107 3199 locum?
3190 3123 3516 3200 Alterum
3565 3125 3961 3225 exemplum
4006 3124 4232 3201 aetatis

1206 3255 1314 3322 est
1367 3246 1783 3323 recentioris.
1884 3247 1955 3321 A
2013 3244 2249 3343 pueris
2301 3243 2693 3342 accepimus
2716 3301 2737 3332 ,
2799 3243 3073 3319 Ducem
3120 3244 3475 3320 Albanum
3519 3245 3890 3321 crudeliter
3933 3245 4229 3320 saeviisse

1202 3368 1279 3441 in
1325 3368 1619 3443 maiores
1667 3373 1988 3442 nostros.‘
2058 3364 2324 3439 Verum
2374 3364 2628 3437 iterum
2680 3363 3106 3463 percrebruit
3151 3364 3492 3439 sententia
3511 3422 3531 3453 ‚
3581 3365 3906 3464 iniquum
3959 3364 4114 3440 ferri
4155 3364 4231 3438 de

1204 3488 1333 3564 hoo
1404 3488 1551 3563 viro
1609 3487 1838 3586 deque
1879 3510 2041 3585 rege
2082 3484 2432 3583 Phillippo
2472 3482 2852 3570 iudicium;
2903 3483 3232 3558 caedibus
3279 3491 3350 3558 et
3401 3484 3991 3583 publicationibus
4031 3483 4224 3558 bono·

1201 3632 1363 3683 rum
1401 3614 1762 3706 tamquam
1805 3605 2128 3680 remediis
2167 3604 2375 3703 paulo
2413 3602 2790 3678 acrioribus
2833 3604 3251 3702 aegrotantis
3293 3604 3534 3703 populi
3576 3606 3785 3680 saluti
3831 3604 4222 3679 subvenien-

1207 3728 1380 3801 dum
1446 3751 1631 3812 esse;
1702 3732 2078 3824 utrumque
2144 3724 2400 3823 pariter
2453 3732 2664 3821 atque
2709 3723 3089 3823 praefectos
3128 3723 3439 3823 ipsorum
3484 3750 3760 3800 summo
3806 3750 3971 3802 cum
4020 3724 4228 3800 dolore

1208 3872 1337 3921 suo
1398 3844 1733 3919 carnificis
1796 3869 2004 3944 opera
2064 3842 2171 3918 uti
2226 3840 2683 3919 consuevisse.
2785 3843 2926 3918 Sed
2968 3867 3123 3919 ecce
3160 3843 3434 3919 Literae
3481 3869 3722 3921 eorum
3770 3845 4074 3945 variique
4121 3866 4225 3945 ge·

1203 3967 1390 4042 neris
1456 3965 1751 4041 Chartae
1803 3972 1874 4039 et
1929 3966 2112 4039 Acta
2161 3963 2508 4038 iudicialia
2560 3989 2599 4038 e
2653 3962 2820 4037 locis
2872 3962 3169 4051 abditis,
3221 3989 3308 4040 ex
3359 3965 3530 4064 ipsis
3583 3964 3952 4041 ruderibus
3998 3965 4224 4051 turris,

1203 4088 1278 4163 in
1348 4086 1521 4161 urbe
1576 4086 1823 4160 Monte
1887 4084 2288 4159 Haenoviae
2346 4092 2508 4158 ante
2571 4082 2931 4158 biennium
2970 4091 3313 4159 vetustate
3361 4085 3702 4184 collapsae
3737 4086 3804 4179 ⁸)
3832 4143 3853 4174 ,
3898 4085 3972 4159 in
4018 4087 4222 4161 lucem

1206 4206 1727 4306 protrahuntur:
1826 4205 1937 4279 De
1972 4204 2207 4280 animo
2247 4220 2535 4303 paterno
2581 4202 2824 4292 silent,
2873 4201 3009 4277 nisi
3053 4202 3229 4278 forte
3275 4204 3570 4280 clamare
3619 4212 4025 4293 censentur,
4073 4226 4224 4303 quo·

1288 4430 1337 4505 ¹)
1406 4434 1517 4491 Die
1570 4432 1727 4492 times
1780 4433 1859 4507 of
1897 4430 2137 4505 Daniel,
2198 4430 2603 4506 chronoloqical
2651 4430 2763 4491 and
2799 4429 3160 4507 prophetica!
3211 4430 3494 4493 examinent
3500 4475 3518 4505 ,
3573 4430 3651 4509 by
3706 4432 3922 4507 Goon-ge
3977 4428 4133 4489 Duke
4167 4426 4224 4486 os

1206 4523 1613 4774 Mzz‘ghgssefey
1629 4666 1644 4693 ,
1691 4620 1803 4682 Die
1829 4622 2155 4699 peraiacken
2194 4619 2662 4696 Keiliuschriflen
2678 4664 2694 4693 ,
2739 4627 2797 4680 et
2838 4620 2998 4681 Vaux
3014 4666 3030 4693 ,
3076 4621 3320 4681 Niniveb
3359 4622 3473 4682 und
3506 4620 3828 4697 Persepolis
3843 4667 3857 4694 ‚
3903 4620 4087 4682 iibers.
4128 4636 4222 4679 von

1210 4716 1231 4742 Υ
1284 4735 1325 4773 n
1442 4761 1457 4788 ,
1539 4761 1554 4776 .
1718 4759 1737 4777 .

1208 4718 1338 4892 ιε’)
1364 4718 1706 4893 81,Λιιῐῗιιοίζὲνι
1708 4857 1727 4889 ,
1764 4832 1887 4875 002oe
1925 4816 2373 4892 Hulpweqtbank
2413 4814 2496 4890 bij
2530 4814 2630 4875 den
2671 4816 3012 4889 Bloedraad,
3055 4819 3194 4876 vert.
3235 4812 3375 4875 door
3413 4810 3575 4873 Uden
3600 4810 3852 4875 Masman
3869 4809 3954 4869 Jr.
3973 4855 3988 4882 ,
4023 4828 4076 4890 p.
4101 4810 4222 4867 108.
