4766 6034
1808 639 2363 712 ORATIO.
2817 613 2822 618 ’
3467 649 3594 717 147

562 876 849 927 munere
868 911 887 941 ,
954 849 1255 950 reliquos
1272 907 1293 939 ,
1355 850 1484 948 qui
1520 849 1697 924 mihi
1738 851 2091 949 supersint
2138 851 2286 925 dies
2306 909 2325 938 ‚
2395 849 2590 926 vobis
2642 851 3025 951 vestrisque
3069 854 3318 930 studiis
3365 857 3591 932 dicare

558 972 889 1049 constitui
909 1031 930 1062 ‚
1014 980 1205 1046 totus
1274 971 1417 1046 iam
1495 970 1743 1046 Vester
1796 995 1953 1044 sum
2014 978 2085 1044 et
2148 971 2397 1046 Vester
2458 996 2608 1048 esse
2669 995 2976 1070 pergam.
3095 974 3190 1047 Et
3249 976 3594 1076 quidquid

556 1094 629 1168 in
702 1117 817 1169 me
859 1097 1299 1192 praeceptore
1352 1089 1791 1179 desideretis,
1846 1091 2086 1166 scitote
2130 1099 2361 1168 tamen
2383 1149 2403 1179 ‚
2465 1093 2792 1166 Iuvenes!
2859 1099 2930 1164 et
2987 1094 3348 1184 confidite,
3412 1097 3589 1171 illud

555 1192 731 1287 m'ihi
772 1237 979 1288 curae
1017 1211 1345 1311 cordique
1384 1210 1527 1285 fore
1543 1268 1564 1299 ‚
1617 1219 1697 1285 ut
1740 1236 2104 1311 nunquam
2153 1211 2349 1286 vobis
2397 1211 2778 1310 vestrisque
2827 1209 3076 1286 studiis
3117 1212 3358 1288 desim.
3462 1214 3593 1288 Ce-

554 1341 783 1408 terum
804 1391 823 1421 ‚
890 1331 1062 1431 quid
1118 1331 1193 1406 in
1254 1331 1691 1406 institutione
1750 1356 1907 1407 mea
1970 1355 2329 1406 summum
2393 1333 2710 1406 futurum
2781 1330 2909 1418 sit,
2974 1332 3164 1430 quod
3225 1332 3423 1407 vobis
3480 1334 3585 1407 in-

552 1454 824 1527 culcare
886 1452 1204 1526 studeam
1270 1497 1372 1512 -
1434 1451 1563 1528 hac
1617 1477 1774 1528 mea
1834 1452 2165 1528 Oratione
2214 1453 2456 1527 habita
2498 1494 2595 1510 —
2651 1451 2863 1526 nolite
2917 1476 3261 1550 quaerere.
3360 1455 3592 1542 Quan-

554 1597 771 1672 quam
832 1571 1019 1646 enim
1080 1579 1151 1645 et
1210 1571 1403 1645 vobis
1464 1573 1851 1647 cavendum
1917 1581 1989 1647 et
2032 1572 2207 1646 mihi
2254 1573 2498 1648 sedulo
2547 1570 3056 1671 invigilandum
3103 1578 3250 1660 est,
3315 1597 3402 1645 ne
3453 1573 3592 1647 illic

550 1691 987 1767 Pantheismi
1044 1691 1423 1766 subtilioris
1484 1692 1592 1767 vel
1647 1693 2025 1778 ἀπιστίαις
2074 1691 2446 1771 cuiuslibet
2498 1691 2758 1766 formae
2777 1749 2798 1780 ‚
2848 1715 2936 1765 ne
2986 1691 3098 1765 hic
3147 1691 3594 1791 Separatismi
3697 1781 3702 1784 ¹

551 1819 625 1886 et
680 1811 1065 1887 Fanatismi
1128 1811 1391 1910 laqueis
1457 1812 1905 1887 circumventi
1950 1811 2394 1899 irretiamini;
2469 1837 2556 1886 ex
2599 1810 2831 1887 animo
2877 1818 3110 1885 tamen
3159 1811 3430 1910 gaudeo
3474 1836 3587 1885 me

549 1933 731 2006 hanc
796 1932 1119 2006 sortitum
1180 1956 1330 2005 esse
1399 1932 1820 2030 provinciam
1839 1991 1859 2020 ‚
1924 1932 1997 2006 in
2052 1957 2192 2030 qua
2208 1990 2228 2019 ‚
2298 1931 2552 2006 relictis
2618 1931 2726 2004 vel
2767 1929 3082 2030 sepositis
3127 1929 3590 2006 acerbioribus

548 2051 795 2127 litibus
814 2109 833 2140 ,
900 2051 1286 2126 Historiam
1339 2052 1563 2150 ipsam
1633 2053 2035 2150 loquentem
2080 2049 2412 2125 inducam
2434 2109 2456 2138 ,
2520 2049 2624 2123 vel
2671 2047 2839 2124 talia
2883 2050 3241 2125 vobiscum
3281 2075 3590 2126 commu-

550 2171 842 2259 nicabo,
916 2171 1148 2270 qualia
1216 2171 1518 2246 maxime
1582 2195 1808 2249 mores
1878 2179 1947 2245 et
2015 2171 2229 2245 vitam
2292 2175 2624 2269 spectant.
2676 2212 2780 2228 -
2835 2170 3131 2244 nPectus
3193 2178 3336 2260 est,
3404 2171 3595 2270 quod

551 2290 987 2390 Theologum
1044 2291 1295 2366 faeit1”
1392 2291 1551 2367 Hoc
1600 2293 1952 2366 NEANnm
2004 2289 2269 2364 dictum
2290 2349 2311 2377 ,
2380 2287 2571 2387 quod
2614 2287 2717 2360 vir
2764 2312 3082 2362 summus
3125 2314 3248 2387 pro
3294 2290 3474 2364 vitae
3521 2299 3592 2364 et

548 2411 942 2485 studiorum
986 2419 1244 2484 tessera
1286 2410 1685 2509 usurpavit,
1754 2417 1825 2483 et
1878 2435 1920 2484 a
1963 2409 2167 2483 nobis
2187 2467 2207 2496 ,
2268 2408 2390 2506 qui
2440 2409 2514 2481 in
2563 2405 2813 2480 iisdem
2858 2408 3097 2481 castris
3145 2433 3285 2482 una
3333 2409 3584 2484 milita-

546 2532 786 2606 bimur
804 2590 824 2619 ‚
888 2537 1127 2604 nostro
1172 2530 1419 2604 vexillo
1466 2529 1879 2628 inscriptum
1928 2529 2170 2603 velim!
2227 2569 2323 2584 —-
2374 2527 2582 2600 nNon
2635 2550 2752 2600 me
2795 2526 3120 2625 cuiquam
3161 2527 3588 2625 mancipavi,

542 2652 813 2726 nullius
850 2675 1105 2726 nomen
1136 2650 1352 2725 fero.'’
1448 2651 1543 2724 Et
1585 2650 1716 2725 hoc
1740 2629 2073 2724 Smincffl
2106 2647 2394 2723 effatum
2412 2705 2432 2734 ,
2469 2646 2662 2745 quod
2682 2646 3176 2722 Rmmnnus
3225 2647 3448 2744 operis
3477 2649 3588 2720 sui

540 2771 961 2846 immortalis
978 2829 1001 2860 ,
1049 2769 1431 2844 doctrinam
1470 2793 1747 2844 morum
1786 2768 2177 2844 exhibentis
2195 2827 2214 2856 ‚
2262 2767 2470 2842 titulo
2510 2765 2937 2841 exarandum
2972 2765 3274 2854 curavit,
3333 2766 3586 2840 iterum

505 2893 941 2990 ‚iterumque
980 2889 1177 2965 vobis
1221 2890 1297 2963 in
1338 2889 1743 2965 memoriam
1783 2880 2135 2964 revocabo.
2241 2889 2393 2962 Nec
2433 2895 2667 2962 tamen
2717 2885 2894 2960 illud
2931 2885 3202 2960 dictum
3235 2884 3336 2961 ita
3375 2887 3587 2960 inter-

538 3012 871 3113 pretabor
888 3072 908 3101 ‚
972 3017 1054 3086 nt
1096 3036 1216 3087 vos
1261 3037 1301 3085 e
1344 3010 1729 3086 Stoicorum
1782 3017 2016 3085 mente
2062 3009 2498 3109 arrogantius
2549 3032 2786 3106 sapere
2839 3005 2948 3081 vel
2993 3007 3248 3081 sentire
3305 3005 3587 3097 doceat,

542 3133 672 3234 sed
720 3140 841 3221 ut,
890 3156 1119 3231 neque
1165 3132 1239 3205 in
1286 3132 1620 3206 Veterum
1671 3129 1924 3230 placita
1972 3154 2199 3227 neque
2250 3130 2324 3203 in
2379 3127 2682 3202 cuiusvis
2731 3114 3129 3204 recentioris
3173 3126 3582 3225 Philosophi

538 3254 657 3329 vel
677 3252 1031 3353 'Theologi
1070 3251 1277 3326 verba
1312 3251 1619 3326 iurantes
1638 3310 1658 3339 ,
1710 3250 1885 3325 tales
1918 3249 2224 3325 evadatis
2264 3248 2532 3347 (quales
2563 3246 2672 3321 his
2703 3247 3004 3321 maxime
3035 3246 3282 3319 diebus
3309 3245 3584 3321 futuros

543 3375 917 3449 Sacrorum
967 3371 1339 3448 Antistites
1402 3371 1577 3446 mihi
1644 3377 1835 3469 opto)
1904 3370 2031 3444 viri
2079 3368 2486 3469 αὐτάρκως
2505 3426 2526 3457 ,
2597 3366 2930 3465 Theologi
2999 3390 3154 3441 vere
3220 3366 3580 3442 Eclecticil

540 3494 754 3569 Hanc
794 3492 949 3567 dico
974 3492 1457 3592 αὐτάρκειάν,
1489 3517 1630 3592 qua
1654 3490 2041 3566 Hnusmus
2060 3550 2080 3579 ‚
2122 3490 2225 3564 vir
2258 3487 2666 3563 immortalis
2685 3546 2704 3576 ‚
2751 3510 3038 3561 suorum
3077 3486 3583 3585 discipulorum

540 3604 815 3689 animos
884 3612 1199 3687 imbuere
1266 3613 1521 3702 voluit,
1594 3638 1773 3711 quae
1829 3611 1990 3685 licet
2048 3610 2205 3685 fixis
2267 3616 2337 3683 et
2407 3607 2774 3683 stabilibus
2844 3596 3200 3705 principiis
3275 3606 3540 3681 nitatur
3557 3662 3579 3695 ‚

538 3736 893 3809 humanae
953 3731 1472 3807 imbecillitatis-
1512 3731 1702 3806 haud
1750 3731 2113 3805 immemor
2132 3788 2151 3818 ,
2214 3754 2287 3804 se
2334 3729 2482 3803 sine
2527 3728 2760 3826 divino
2805 3726 3063 3802 auxilio
3111 3725 3286 3800 nihil
3327 3726 3582 3824 pollere

537 3854 760 3955 probe
834 3852 1175 3953 cognovit.
1226 3894 1327 3912 —
1374 3851 1525 3926 Tali
1570 3858 1842 3950 pectore
1893 3849 1967 3923 in
2017 3850 2430 3949 Theologiae
2485 3848 2717 3923 studia
2766 3846 3187 3923 incumbatis
3204 3906 3223 3936 ‚
3287 3848 3583 3922 Iuvenes

536 3973 1014 4049 dilectissimi!
1067 3978 1411 4072 quotquot
1452 3972 1775 4045 Cnmsro
1822 3970 2109 4069 eiusque
2156 3970 2502 4045 Ecclesiae
2551 3992 2804 4044 nomen
2851 3966 3160 4040 dedistis.
3239 3967 3362 4039 Me
3387 3990 3582 4064 prae·
3655 3982 3660 3987 ’

538 4102 819 4194 ceptore
875 4093 984 4167 vel
1051 4092 1283 4191 potius
1328 4090 1640 4165 eiusdem
1688 4090 1951 4165 itineris
2002 4088 2251 4163 comite
2300 4087 2636 4179 utamini,
2699 4094 2808 4173 et,
2860 4085 3131 4183 quoties
3184 4091 3582 4183 temporum

538 4213 887 4289 aestuatio
932 4212 1039 4287 vel
1071 4202 1361 4286 'nostrae
1410 4210 1767 4285 tenuitatis
1813 4208 2231 4285 conscientia
2284 4230 2412 4288 nos
2454 4206 2649 4304 angit
2689 4206 2796 4279 vel
2838 4203 3201 4303 deprimit,
3252 4204 3578 4279 manibus

538 4342 757 4431 atque
802 4332 1021 4406 oculis
1064 4331 1138 4404 in
1181 4312 1452 4406 coelum
1493 4329 1783 4404 sublatis
1806 4387 1825 4417 ‚
1876 4330 2001 4403 has
2047 4328 2195 4427 pias
2221 4386 2241 4415 ‚
2292 4336 2630 4424 tanquam
2650 4317 2926 4399 'mentis
2971 4326 3122 4397 Deo
3165 4322 3579 4423 Christoque

386 4532 397 4541 ,
534 4454 831 4528 devotae
878 4451 1174 4552 suspiria
1194 4510 1215 4540 ‚
1262 4450 1703 4527 effundamus
1741 4474 2009 4549 preces:
2064 4448 2183 4522 Sol
2225 4446 2565 4523 veritatis!
2617 4444 2736 4519 Sol
2763 4436 3068 4519 iustitiae
3097 4443 3364 4518 illustra
3401 4445 3560 4517 nos!

1940 4704 2192 4767 DIXI.

2900 4920 3044 5023 19*
