4766 6034
1053 638 1141 706 32
2125 638 2193 707 F.
2275 637 2358 709 G.
2442 639 3035 707 KRIEGER

1058 828 1432 899 correctam
1487 828 1560 897 et
1606 821 2047 899 emendatam
2103 847 2275 901 esse.
2378 826 2527 905 Qui
2574 852 2734 902 vero
2790 833 3009 903 artem
3068 823 3410 899 medicam
3455 830 3774 899 exercent
3792 880 3813 911 ,
3862 846 4097 897 eorum

1059 943 1431 1020 nonnullos
1488 942 1680 1019 haud
1744 968 1898 1019 raro
1969 945 2169 1044 quasi
2225 946 2388 1022 data
2424 972 2633 1048 opera
2679 946 3029 1048 negligere
3072 944 3452 1045 therapiam
3494 950 3567 1019 et
3604 944 3811 1043 pauci
3848 942 4099 1017 habere

1059 1064 1349 1141 videbis.
1448 1064 1667 1140 Multi
1687 1117 1710 1155 ,
1763 1064 1886 1163 qui
1931 1062 2200 1140 scholae
2243 1064 2751 1166 physiologicas
2785 1066 3083 1143 asseclae
3120 1064 3450 1165 appellari
3491 1062 3876 1163 gloriantur
3891 1120 3913 1150 ,
3956 1086 4097 1135 me-

1067 1185 1206 1261 dici
1262 1184 1566 1261 officium
1586 1244 1608 1274 ,
1677 1193 2026 1285 quatenus
2082 1180 2158 1260 in
2195 1185 2537 1287 thel-apia
2584 1194 2894 1263 versatur
2910 1246 2931 1275 ,
2980 1187 3131 1261 iure
3188 1208 3317 1259 suo
3364 1184 3500 1259 sibi
3546 1182 3871 1257 videntur
3914 1204 4099 1280 sper-

1062 1330 1226 1381 nere
1247 1364 1268 1395 ,
1300 1330 1531 1405 neque
1574 1306 1830 1381 desunt
1870 1305 2269 1381 clinicorum
2294 1307 2725 1383 medicorum
2754 1307 3071 1407 exempla
3089 1364 3109 1395 ,
3145 1331 3189 1381 a
3212 1304 3470 1404 quibus
3491 1301 3855 1379 anatomici
3880 1308 4101 1375 status

1063 1426 1383 1527 diagnosi
1449 1424 1964 1525 religiosissima
2029 1451 2237 1526 opera
2289 1437 2585 1503 navatur
2600 1486 2621 1517 ,
2684 1450 3098 1525 summoque
3146 1449 3352 1525 opere
3410 1424 3641 1500 morbi
3680 1446 3831 1521 sym
3836 1427 4101 1519 ptuma-

1063 1556 1217 1622 tum
1266 1546 1710 1647 explicationi
1751 1546 2260 1647 physiologieae
2314 1547 2746 1623 incumbitur
2766 1606 2787 1635 ,
2852 1546 3077 1621 morbi
3126 1570 3332 1621 curae
3382 1568 3540 1619 vero
3591 1540 4101 1638 sanationisque

1064 1667 1288 1743 obiter
1330 1675 1606 1742 tantum
1666 1674 1878 1765 atque
1926 1666 2142 1742 veluti
2188 1668 2261 1743 in
2309 1675 2713 1745 transcursu
2758 1668 2839 1743 fit
2886 1665 3169 1741 mentio.

1161 1789 1250 1861 In
1289 1786 1710 1886 chirurgiam
1726 1843 1747 1874 ,
1797 1786 2146 1886 geminam
2197 1811 2741 1887 germanamque
2778 1786 2945 1862 artis
2982 1784 3291 1860 medicae
3332 1808 3631 1859 sororem
3650 1840 3671 1871 ,
3717 1769 3903 1880 'quae
3942 1804 4105 1854 cum

1066 1908 1184 1982 illa
1254 1929 1685 2005 quamquam
1747 1903 2131 1980 arctissimo
2199 1906 2472 1982 vinculo
2545 1906 2912 1982 coniuncta
2931 1963 2951 1994 ,
3016 1903 3293 2005 proprio
3361 1914 3596 1978 tamen
3668 1925 3796 1975 suo
3866 1900 4107 1974 itinere

1068 2027 1379 2127 procedit
1395 2084 1416 2115 ,
1465 2025 1623 2100 illae
1661 2025 2130 2126 querimoniae
2145 2083 2192 2114 ,.
2215 2026 2522 2102 convicia
2564 2026 2681 2102 illa
2716 2051 2859 2102 non
2907 2026 3375 2101 conferuntur.
3494 2024 3697 2099 Illam
3736 2021 3926 2121 enim
3966 2020 4105 2093 iam

1067 2147 1458 2246 antiquitus
1515 2153 1586 2220 et
1645 2152 1830 2221 certe
1869 2168 2009 2220 non
2049 2144 2255 2245 plane
2294 2146 2641 2222 immerito
2682 2171 3086 2223 concessum
3124 2152 3231 2221 est
3276 2142 3533 2219 eximio
3570 2142 3701 2217 hoc
3736 2148 3811 2215 et
3849 2139 4108 2239 duplici

1069 2293 1235 2368 prae
1285 2266 1628 2343 medicina
1677 2264 1784 2339 uti
1835 2264 2235 2367 privilegio:
2300 2292 2527 2368 quum
2596 2268 2947 2367 diagnosis
3004 2265 3390 2366 chirurgica
3445 2261 3884 2339 solidioribus
3928 2258 4107 2334 inni-

1065 2396 1256 2464 tatur
1321 2385 1794 2463 fundamentis
1813 2444 1834 2473 ,
1907 2392 2058 2461 tum
2136 2387 2359 2463 multo
2435 2388 2693 2465 maiore
2761 2388 3015 2463 fruitur
3078 2386 3459 2462 efficacium
3524 2382 4111 2483 probatorumque

1066 2507 1530 2584 remediorum
1605 2506 1803 2605 copia
1819 2564 1842 2595 ,
1907 2505 2168 2605 quibus
2228 2508 2587 2608 propulset
2640 2508 3123 2585 imminentem
3172 2514 3469 2582 mortem
3510 2514 3583 2581 et
3632 2502 4115 2579 labefactatam

1071 2628 1545 2704 valetudinem
1617 2625 2026 2717 corroboret.
2127 2627 2569 2729 Chirurgiam
2640 2655 2800 2706 vero
2866 2631 2989 2730 qui
3049 2629 3464 2728 profitentur
3518 2633 3592 2701 et
3655 2630 3974 2700 exercent
4014 2666 4115 2679 -
4260 2605 4268 2611 ⁸

1075 2772 1206 2825 nec
1256 2748 1626 2847 quisquam
1647 2805 1669 2837 ‚
1715 2746 1840 2847 qui
1877 2745 2162 2846 quidem
2189 2747 2504 2825 animum
2530 2748 2605 2824 in
2636 2749 2814 2825 hanc
2840 2774 2987 2824 rem
3009 2746 3421 2835 attenderit,
3468 2743 3727 2819 infitias
3753 2741 3888 2816 ibit
3906 2784 4011 2806 —·
4026 2741 4117 2815 iis

1071 2892 1213 2943 non
1267 2892 1554 2967 regnare
1623 2867 1899 2943 videtur
1949 2866 2349 2970 pathologia
2367 2928 2389 2959 ,
2441 2870 2564 2946 sed
2616 2895 2759 2946 una
2804 2869 2949 2946 fere
2996 2866 3308 2965 therapia
3352 2890 3558 2941 curae
3605 2863 3936 2962 cordique
3982 2868 4113 2938 est.

1073 2990 1315 3090 Atque
1357 2988 1432 3065 in
1477 2987 1710 3090 aprico
1772 2993 1881 3064 est
1929 3011 2055 3064 our
2092 2987 2224 3066 hoc
2271 2988 2371 3066 ita
2416 3015 2517 3066 se-
2540 2990 2813 3068 habeat.
2915 2988 3130 3070 Quod
3174 2986 3363 3062 enim
3414 2986 3489 3061 in
3538 2982 3887 3084 chirurgia
3926 2981 4115 3084 prin·

1069 3135 1234 3211 ceps
1279 3112 1471 3187 locus
1513 3110 1861 3211 therapiae
1903 3111 2303 3187 conceditur
2321 3111 2845 3218 „Qibuendum
2870 3110 2947 3186 id
2990 3118 3098 3186 est
3131 3107 3351 3184 indoli
3376 3105 3776 3182 morborum
3797 3162 3818 3194 ,
3858 3102 4121 3204 quibus

1067 3231 1332 3308 mederi
1407 3231 1656 3306 nititur
1672 3289 1694 3321 ‚
1761 3230 2024 3330 quique
2101 3256 2358 3332 magna
2427 3256 2555 3332 pro
2617 3240 2815 3332 parte
2878 3231 3029 3308 eius
3100 3237 3266 3306 sunt
3320 3228 3596 3330 generis
3656 3234 3739 3302 ut
3790 3223 4125 3326 peculiari

1075 3376 1359 3454 prorsus
1426 3351 1686 3428 auxilio
1751 3351 2134 3452 indigeant.
2257 3353 2442 3429 Sunt
2506 3339 2695 3429 enim
2748 3353 2825 3428 hi
2880 3351 3148 3440 morbi,
3204 3349 3327 3450 qui
3388 3348 3687 3423 turbatis
3740 3342 4121 3446 organismi

1071 3472 1380 3572 partium
1444 3472 1665 3546 forma
1732 3472 1842 3547 vel
1903 3472 2170 3548 ratione
2247 3474 2857 3574 (organisationem
2928 3472 3199 3564 dicunt)
3266 3469 3461 3546 nasci
3523 3468 3751 3544 solent
3768 3525 3791 3556 ,
3858 3463 4122 3566 quique

1073 3591 1213 3666 nisi
1263 3591 1680 3666 mechanicis
1731 3591 2063 3668 adhibitis
2113 3595 2437 3671 remediis
2450 3653 2473 3684 ,
2520 3594 2590 3671 h.
2634 3619 2695 3670 e.
2742 3592 2879 3668 nisi
2916 3593 3115 3669 factis
3158 3588 3671 3692 operationibus
3718 3583 4121 3685 chirurgicis

1079 3710 1480 3810 sanguineis
1525 3711 1636 3786 vel
1669 3735 1811 3786 non
1848 3711 2246 3812 sanguineis
2264 3773 2286 3805 ,
2329 3716 2615 3790 omnino
2657 3707 2896 3791 curari
2916 3719 3301 3813 nequeunt.
3400 3713 3651 3809 Itaque
3682 3715 3951 3809 praeter
3972 3729 4121 3781 ma-

1080 3831 1327 3906 teriem
1386 3831 1730 3936 medicam
1778 3833 2052 3932 proprie
2097 3832 2195 3908 sic
2235 3831 2494 3908 dictam
2542 3831 2733 3908 haud
2772 3833 3069 3932 exiguus
3110 3828 3574 3906 remediorum
3615 3850 3949 3902 numerus
3986 3822 4121 3901 sub

1045 3949 1394 4052 'chirurgi
1429 3958 1541 4050 est
1587 3951 1847 4028 ditione
1868 4011 1890 4043 ,
1941 3977 2237 4050 quorum
2277 3959 2350 4028 et
2395 3953 2471 4028 in
2516 3978 2659 4029 una
2706 3953 3053 4053 chirurgia
3092 3960 3201 4027 est
3236 3974 3409 4026 usus
3448 3958 3520 4024 et
3564 3973 3648 4024 ea
3682 3954 3790 4024 est
3814 3945 4081 4021 indoles
4096 4003 4123 4033 ,

1080 4078 1165 4146 ut
1219 4072 1424 4163 vitia,
1499 4071 1758 4170 quibus
1825 4072 2150 4148 tollendis
2213 4073 2599 4149 inserviunt
2616 4133 2637 4164 ,
2701 4096 3194 4174 saepenumero
3268 4078 3551 4172 repente
3611 4059 3973 4168 tamquam
4032 4089 4125 4140 ex

1077 4191 1482 4290 improviso·
1512 4193 1794 4283 tollant,
1857 4193 2481 4293 imminentemque
2536 4193 2824 4270 iamiam
2896 4202 3192 4270 mortem
3253 4198 3573 4294 prompto
3640 4188 3899 4266 auxilio
3962 4184 4125 4260 ilico

1080 4310 1349 4412 fugent.
1452 4315 1656 4392 Quae
1696 4337 1860 4389 cum
1903 4313 2006 4391 ita
2047 4314 2225 4404 sint,
2273 4339 2415 4390 non
2459 4322 2566 4389 est
2608 4315 2799 4414 quod
2840 4315 3171 4390 miremur
3218 4313 3360 4388 iam
3403 4309 3903 4412 antiquissimis
3942 4313 4125 4381 tem·

1081 4432 1370 4530 poribus
1415 4433 1676 4509 multos
1728 4433 1946 4510 fuisse
1964 4493 1986 4525 ‚
2036 4433 2160 4534 qui
2210 4435 2599 4535 chirurgiae
2624 4493 2645 4524 ,
2694 4434 2895 4510 cuius
2937 4435 3043 4510 vis
3086 4441 3267 4510 esset
3295 4441 3441 4510 tam
3476 4437 3801 4532 prompta
3822 4487 3844 4519 ,
3887 4426 4129 4528 pulcra

1082 4558 1157 4626 et
1225 4553 1578 4629 salutifera
1597 4612 1618 4643 ,
1689 4561 2041 4630 strenuam
2107 4563 2180 4630 et
2251 4553 2586 4630 fervidam
2654 4579 2934 4655 operam
2997 4562 3328 4631 navarent
3394 4562 3467 4630 et
3516 4577 3643 4652 pro
3698 4547 3879 4624 virili
3930 4552 4129 4647 parte

1081 4671 1510 4746 elaborarent
1577 4673 1652 4747 in
1707 4674 2082 4750 excolenda
2147 4676 2753 4776 promovendaque
2816 4684 2963 4751 arte
2978 4735 2998 4766 ‚
3066 4676 3268 4752 cuius
3328 4697 3460 4774 ope
3507 4679 3614 4748 tot
3660 4657 4131 4746 laborantium

1082 4789 1494 4890 mitigantur
1542 4790 1808 4870 dolores
1826 4852 1848 4885 ,
1897 4794 2296 4895 laetitiaque
2343 4795 2563 4873 oritur
2610 4820 2696 4872 ex
2746 4795 2999 4872 dolore.
