4766 6034
1230 612 1359 679 208
2449 607 3047 676 lunlclA.

1230 817 1503 895 locutus
1540 824 1647 894 est
1682 817 1882 894 Iesus
1897 876 1919 907 ,
1969 816 2093 917 qui
2126 842 2267 918 quo
2301 815 2554 892 melius
2587 816 2820 918 ipsum
2855 816 3322 918 intelligerent
3352 841 3522 894 usus
3549 817 3642 893 sit
3670 820 3960 919 impiae
3979 819 4226 918 spiritns

1230 965 1271 1014 e
1311 939 1395 1014 V.
1448 939 1527 1014 T.
1583 939 1903 1014 desumta
1946 963 2072 1040 pro
2115 941 2458 1016 abstracto
2501 936 2867 1031 ἀλήθειας
2932 945 3004 1014 et
3049 937 3221 1014 haec
3270 939 3556 1037 quidem
3610 947 3815 1016 recte.
3913 939 4053 1013 Cur
4093 964 4226 1014 vero

1226 1061 1427 1134 Iesus
1489 1059 1563 1134 in
1618 1058 2112 1159 Apostolorum
2167 1058 2466 1159 gratiam
2531 1059 2719 1133 hune
2783 1057 3108 1159 spiritum
3159 1066 3524 1160 tamquam
3567 1061 3855 1136 alteram
3899 1084 4228 1160 personam

1226 1181 1336 1255 sui
1381 1179 1679 1256 similem
1729 1179 2205 1280 παράκλητον
2252 1184 2591 1281 proponat
2637 1179 2711 1254 in
2761 1181 3210 1269 sermonibus,
3258 1204 3384 1256 cur
3425 1179 3500 1256 in
3535 1181 3867 1280 precibus
3918 1181 4048 1256 alin
4087 1181 4226 1255 sim-

1222 1300 1503 1401 pliciore
1570 1302 1791 1376 forma
1858 1300 2137 1376 dicendi
2201 1307 2441 1374 utatur
2458 1357 2478 1389 ,
2543 1298 2850 1375 indicare
2911 1307 3125 1398 atque
3180 1323 3522 1400 exponere
3572 1300 3900 1399 neglexit.
3999 1300 4228 1375 Verum

1223 1430 1459 1498 tamen
1527 1422 1651 1499 ubi
1702 1422 1989 1499 alteram
2038 1420 2454 1495 discriminis
2499 1445 2780 1496 causam
2827 1420 3174 1496 invenisse
3216 1419 3352 1494 sibi
3397 1420 3671 1496 videtur
3712 1420 3786 1495 in
3833 1429 4115 1518 tempore
4155 1420 4227 1493 de

1223 1567 1365 1641 quo
1404 1550 1653 1642 agatur
1666 1601 1687 1631 ,
1748 1549 1819 1616 et
1866 1548 2072 1641 putat
2118 1550 2280 1618 ante
2326 1547 2620 1616 mortem
2663 1542 2830 1618 Iesu
2873 1543 3012 1634 τὴν
3052 1541 3434 1636 ἀλήθειαν
3471 1530 3622 1616 'dici
3666 1541 3861 1616 Patri
3916 1540 4228 1640 propriam

1219 1663 1365 1738 vim
1409 1662 2043 1752 transcendentem3
2078 1669 2248 1762 post
2286 1663 2452 1738 Iesu
2487 1670 2784 1738 mortem
2822 1661 3177 1763 discipulis
3213 1661 3505 1737 insitum
3548 1671 3848 1757 πνεῦμα
3891 1661 4232 1753 ἀληθείας

1222 1783 1363 1858 sive
1414 1783 1751 1883 Spiritum
1796 1783 1881 1858 iis
1926 1784 2422 1858 immanentem
2471 1781 2970 1882 propriumque
3015 1805 3256 1858 eorum
3305 1781 3484 1858 vitae
3526 1782 3948 1882 principium
3967 1841 3990 1870 ,
4049 1782 4168 1856 hoc
4201 1807 4234 1854 e

1220 1927 1350 1979 sua
1386 1913 1622 1980 mente
1664 1904 1898 2004 potius
1941 1929 2154 2002 quam
2198 1928 2237 1978 e
2284 1903 2628 1978 sententia
2675 1904 2842 1978 Iesu
2883 1902 3126 1980 fecisse
3171 1903 3558 1978 censendus
3599 1909 3726 1978 est.
3827 1903 4144 2001 Denique
4179 1909 4242 1975 et

1222 2023 1480 2099 dubius
1543 2024 1779 2100 haeret
1845 2033 2082 2100 utrum
2144 2025 2329 2099 varia
2394 2023 2562 2100 haec
2624 2023 2900 2100 dicendi
2956 2022 3177 2099 forma
3239 2049 3281 2098 a
3333 2023 3645 2099 Iohanne
3700 2023 4081 2121 repetenda
4127 2022 4236 2109 sit,

1219 2169 1309 2220 an
1360 2169 1518 2220 vero
1564 2144 1653 2220 ab
1700 2144 1854 2244 ipso
1903 2146 2089 2220 Iesu.
2222 2218 2229 2228 ,

1314 2265 1512 2341 Licet
1576 2264 1792 2366 igitur
1861 2263 2051 2340 haud
2119 2289 2341 2364 pauca
2414 2266 2487 2341 in
2570 2264 2700 2342 hoo
2767 2288 3098 2364 responso
3159 2261 3639 2338 desiderentur
3682 2270 3756 2338 et
3797 2263 4040 2338 minus
4087 2263 4239 2336 bene

1215 2391 1649 2487 exponantur
1716 2385 1929 2485 idque
1996 2384 2313 2460 universe
2372 2385 2472 2460 ita
2527 2385 2990 2486 compositum
3049 2383 3138 2458 sit
3185 2391 3268 2458 ut
3317 2383 3606 2483 scriptor
3653 2383 4084 2482 quaestionis
4115 2407 4241 2458 ear-

1214 2505 1450 2581 dinem
1488 2504 1781 2582 sensisse
1807 2505 2031 2604 magis
2056 2530 2269 2606 quam
2298 2506 2703 2605 exposuisse
2744 2505 3082 2580 dicendus
3123 2504 3216 2578 sit
3233 2562 3254 2592 ,
3286 2511 3522 2578 tamen
3553 2511 3736 2579 recte
3761 2504 4242 2579 demonstravit

1212 2634 1285 2700 et
1324 2625 1475 2701 Ioh.
1518 2625 1737 2700 XVII
1772 2625 2197 2701 mentionem
2238 2649 2389 2700 esse
2429 2625 2728 2725 Spiritus
2775 2626 3011 2700 Sancti
3047 2631 3119 2699 et
3157 2624 3331 2722 Cap.
3361 2623 3817 2700 XIV—XVI
3847 2627 3946 2701 τὸ
3972 2635 4240 2722 πνεῦμα

1213 2760 1349 2839 τῆς
1402 2745 1774 2837 ἀληθείας
1818 2745 2007 2820 idem
2056 2771 2207 2820 esse
2252 2752 2465 2846 atque
2514 2744 2686 2845 Cap.
2739 2745 2958 2820 XVII
3005 2749 3144 2837 τὴν
3187 2743 3586 2837 ἀλήθειαν.

1313 2866 1655 2945 Quocirca
1723 2865 1916 2941 Ordo
1976 2867 2409 2966 propositum
2469 2867 2843 2942 concedere
2897 2863 3285 2966 praemium
3335 2863 3400 2938 ei
3448 2888 3590 2940 non
3633 2865 3906 2964 potuit;
3963 2865 4244 2941 decrevit

1210 2997 1444 3062 tamen
1490 2985 1944 3063 honorificum
1985 2986 2211 3063 laudis
2250 2987 2730 3063 testimonium
2775 2988 2840 3063 ei
2880 2985 3144 3064 offerre.
3220 2985 3384 3065 Quo
3421 2984 3602 3061 facto
3641 2985 3770 3061 hoc
3811 2985 3952 3061 sibi
3981 2993 4242 3087 gratum

1214 3107 1519 3182 accidere
1583 3116 1824 3183 auctor
1872 3108 2109 3183 statim
2160 3107 2569 3198 declaravit,
2637 3109 2985 3209 simulque
3030 3106 3348 3207 apparuit
3403 3130 3567 3181 eum
3615 3131 3766 3181 esse
3810 3104 4238 3183 Hnmuuun

1212 3230 1637 3303 GnnARDUM
1688 3228 2002 3319 HAenN,
2052 3228 2288 3305 Theol.
2340 3228 2414 3303 in
2467 3228 2844 3307 Academia
2892 3227 3345 3305 Ultraieetina
3393 3225 3594 3302 Stud.

3311 3394 3406 3455 W.
3467 3392 3898 3453 MUURLING
3919 3440 3938 3466 ,

3352 3497 3487 3558 Ord.
3501 3499 3557 3557 h.
3578 3502 3621 3557 t.
3637 3498 3705 3557 ab
3719 3496 3896 3557 actis.
