4766 6034
1251 608 1332 673 96
2457 606 2535 677 Η.
2603 608 2674 676 Ε.
2746 604 3097 677 VINKE

1249 816 1509 916 possit,
1575 815 1956 915 intelligere
2011 816 2488 906 studeremus;
2556 818 2680 891 sed
2726 818 3109 893 cavendum
3158 822 3267 891 est
3282 872 3303 902 ,
3368 838 3459 889 ne
3504 814 3594 889 ad
3642 810 3972 889 eiusmodi
4002 809 4197 889 intelle·

1249 944 1444 1011 ctum
1495 935 1564 1009 et
1609 936 1742 1035 ipsi
1781 938 2264 1037 perveniamus
2280 995 2299 1025 ‚
2353 936 2425 1011 et
2467 938 2639 1013 alios
2687 939 3027 1013 ducamus
3045 993 3067 1024 ,
3116 960 3256 1036 quo
3297 936 3531 1035 ipsum
3578 933 3744 1009 fidei
3788 933 4093 1007 obiectum
4125 958 4197 1006 re·

1247 1057 1552 1145 iiciatur,
1621 1057 1934 1156 fidesque
1983 1084 2140 1133 vera
2193 1066 2572 1134 evanescat.
2675 1060 2879 1137 Quae
2928 1059 3021 1132 ad
3072 1057 3381 1133 salutem
3422 1057 3603 1131 scitu
3648 1052 4011 1129 necessaria
4052 1062 4200 1139 sunt,

1247 1199 1387 1249 non
1429 1199 1608 1263 uno,
1678 1176 1800 1249 sed
1840 1175 2160 1274 plurimis
2203 1176 2407 1265 locis,
2476 1202 2704 1277 neque
2754 1177 3081 1266 obscure,
3145 1184 3269 1251 aut
3317 1177 3530 1251 dubie
3555 1233 3575 1265 ,
3626 1175 3749 1250 sed
3796 1182 4011 1275 aperte
4050 1180 4203 1271 atque

1252 1295 1554 1370 dilucide
1617 1296 1689 1370 in
1735 1296 1806 1371 S.
1870 1296 2126 1371 Codice
2173 1296 2529 1375 docentur.
2628 1299 2779 1374 Nec
2825 1296 3218 1374 timendum
3266 1306 3411 1386 est,
3484 1321 3610 1386 ne,
3676 1296 4002 1382 admissa,
4049 1316 4204 1390 quam

1153 1479 1170 1493 .
1250 1440 1772 1516 propugnamus
1791 1477 1810 1505 ,
1876 1418 2218 1494 sententia
2237 1477 2257 1508 ,
2325 1419 2573 1495 veritas
2625 1420 2777 1520 ipsa
2830 1419 3226 1495 detrimenti
3288 1418 3463 1518 quid
3527 1414 3616 1491 sit
3672 1425 3968 1515 captura.
4052 1411 4207 1490 Quod

1253 1560 1408 1611 vere
1458 1537 1724 1612 dictum
1774 1538 1864 1612 sit
1905 1537 1977 1613 in
2027 1538 2219 1613 libris
2269 1540 2523 1614 nostris
2574 1540 2967 1638 symbolicis
2985 1600 3007 1629 ,
3056 1564 3183 1639 pro
3222 1564 3380 1615 vero
3422 1544 3855 1639 agnoscetur.
3948 1534 4101 1607 Nam
4130 1556 4206 1604 ve-

1251 1656 1441 1732 ritati
1485 1667 1694 1758 atque
1745 1658 1918 1738 adeo
1953 1660 2332 1760 Evangelio
2382 1660 2699 1735 Cnmsn
2742 1685 2882 1736 non
2928 1660 3063 1736 nisi
3103 1684 3229 1760 pro
3278 1666 3587 1759 tempore
3626 1654 3989 1734 contradici
4025 1661 4209 1751 potest.

1253 1778 1522 1878 Indiget
1569 1780 1774 1855 homo
1825 1805 1906 1855 ea
1927 1840 1946 1867 ,
1999 1804 2212 1878 quam
2253 1782 2324 1855 S.
2377 1780 2730 1880 Scriptura
2778 1781 3141 1858 manifeste
3192 1780 3559 1856 nobiscum
3604 1776 4079 1861 communicat,
4127 1772 4211 1845 do·

1252 1902 1472 1976 ctrina
1490 1960 1511 1989 ,
1579 1926 1797 2000 quum
1816 1960 1836 1990 ,
1903 1912 2340 2001 peccatorum
2400 1923 2682 1979 suorum
2743 1905 2877 1979 sibi
2920 1902 3237 1979 conscius
3279 1902 3505 1978 factus
3525 1960 3546 1990 ,
3612 1900 3702 1976 ab
3752 1900 4013 1974 illorum
4050 1918 4215 1993 poena

1252 2030 1321 2095 et
1378 2022 1740 2097 dominatu
1795 2022 2071 2097 liberari
2116 2022 2370 2124 cupiat.
2476 2024 2682 2099 Unde
2730 2050 2911 2124 quae
2962 2032 3124 2100 ante
3173 2022 3439 2122 aliquot
3488 2044 3705 2098 annos
3764 2028 4089 2117 tamquam
4126 2012 4215 2087 ob·

1253 2140 1468 2215 soleta
1527 2150 1598 2215 et
1659 2141 1832 2215 falsa
1894 2140 2146 2216 reiecta
2207 2141 2491 2215 fuerunt
2510 2200 2529 2229 ,
2601 2166 2789 2218 nunc
2832 2142 3087 2217 iterum
3107 2199 3128 2230 ,
3174 2150 3357 2217 certe
3404 2166 3529 2242 pro
3586 2147 3821 2241 parte,
3889 2146 3965 2211 ut
3998 2160 4127 2210 vera
4162 2158 4219 2207 ac

1249 2257 1609 2358 probanda
1653 2268 2128 2360 agnoscuntur
2165 2261 2321 2353 ¹⁴⁴).
2426 2260 2614 2337 Solet
2660 2271 2899 2337 autem
2938 2260 3300 2361 ingenium
3350 2262 3739 2337 humanum
3781 2259 3871 2333 ab
3914 2257 4099 2333 altero
4134 2278 4217 2326 ex·

1251 2390 1472 2455 tremo
1514 2381 1587 2454 in
1637 2382 1930 2457 alterum
1969 2380 2130 2455 ferri
2150 2439 2170 2468 ,
2220 2381 2439 2456 donec
2483 2381 2769 2457 tandem
2810 2382 3165 2460 veritatem
3183 2440 3203 2470 ,
3254 2380 3343 2456 ab
3387 2381 3579 2455 omni
3622 2387 3818 2480 parte
3864 2382 4220 2475 conspectam

1250 2508 1460 2600 atque
1505 2502 1888 2601 expositam
1903 2498 1948 2589 ,”
1986 2501 2463 2600 amplectatur.
2566 2503 3077 2578 Reformatores
3128 2528 3189 2577 e.
3217 2528 3276 2577 c.
3325 2510 3611 2577 naturae
3662 2500 3995 2575 humanae
4038 2494 4219 2591 depra-

1249 2620 1594 2695 vationem
1662 2621 2063 2720 praesertim
2141 2622 2522 2720 urgebant3
2595 2623 3006 2699 recentiores
3058 2620 3375 2697 nonnulli
3422 2620 3756 2720 Theologi
3810 2614 4221 2719 praestantiam

1251 2740 1402 2815 eius
1473 2742 1546 2814 in
1611 2740 1850 2838 primis
1913 2740 2272 2817 extollunt.
2374 2742 2489 2817 Illi
2558 2743 2633 2817 in
2706 2751 2925 2818 morte
2993 2743 3309 2817 Cflnrsrr
3382 2742 3667 2817 salutari
3728 2739 4123 2813 sanctitatem
4172 2740 4223 2803 et

1251 2861 1588 2936 iustitiam
1662 2863 1798 2936 Dei
1860 2862 2260 2961 praesertim
2325 2862 2829 2964 suspiciebant3
2904 2864 2978 2937 hi
3020 2887 3325 2939 amorem
3378 2871 3450 2938 et
3490 2858 4023 2937 benevolentiam
4062 2854 4220 2936 Eius,

1256 2982 1316 3056 si
1360 3006 1499 3058 non
1546 2982 1784 3072 unice,
1849 2990 2032 3060 certe
2092 2984 2164 3058 in
2226 2983 2469 3084 primis
2516 2983 3095 3061 animadvertunt.
3197 2983 3336 3058 Illis
3390 2981 3851 3081 Evangelium
3896 2972 4219 3079 praesertim

1249 3103 1734 3179 consolationis
1778 3103 2132 3210 animique
2173 3105 2691 3204 tranquillitatis
2734 3105 2891 3180 fons
2934 3114 3121 3192 erat;
3192 3105 3299 3179 his
3348 3104 3529 3179 viam
3578 3109 3950 3187 monstrat,
4011 3120 4127 3194 qua
4163 3090 4225 3165 ad

1250 3222 1385 3297 Dei
1435 3223 1958 3300 similitudinem
2005 3249 2372 3323 veramque
2419 3224 2633 3300 animi
2680 3225 2887 3301 vitam
2928 3225 3385 3324 perveniatur.
3464 3224 3579 3298 Sic
3622 3223 3767 3297 itur
3812 3221 3899 3296 ad
3921 3217 4225 3318 pleniorem

1255 3343 1558 3419 veritatis
1597 3344 2060 3444 cognitionem
2106 3344 2397 3444 eiusque
2440 3346 2867 3444 agnitionem
2915 3345 3330 3420 interiorem.
3432 3344 3801 3420 Tolerandi
3840 3342 4037 3441 igitur
4052 3395 4069 3424 ‚
4122 3335 4225 3406 imo

1254 3463 1584 3539 audiendi
1641 3472 1843 3553 sunt,
1913 3465 2035 3567 qui
2099 3465 2380 3540 alteram
2448 3466 2599 3540 eius
2645 3476 2911 3565 partem
2957 3467 3207 3542 clarius
3236 3467 3639 3564 exponant,
3708 3464 3871 3538 licet
3918 3455 4221 3534 dolendum

1257 3582 1466 3656 simul
1533 3584 1658 3670 sit,
1728 3585 2010 3658 alteram
2077 3585 2182 3674 ab,
2231 3586 2318 3659 iis
2383 3586 2687 3686 negligi,
2756 3589 2863 3662 vel
2920 3587 3131 3662 etiam
3182 3587 3598 3688 impugnari.
3704 3583 3821 3658 Ab
3886 3594 4223 3674 unoquoque

1258 3700 1518 3777 discere
1561 3703 1730 3776 velle
1779 3728 1905 3778 nos
1951 3712 2260 3803 oportet,
2310 3714 2521 3804 atque
2566 3707 2640 3781 in
2686 3708 2758 3782 id
2802 3707 3205 3784 incumbere
3227 3767 3248 3796 ‚
3299 3716 3378 3782 ut
3427 3715 3655 3782 totum
3706 3703 3873 3778 fidei
3909 3698 4221 3774 obiectum,

1259 3821 1462 3896 sicuti
1515 3822 1683 3896 latet
1727 3823 1800 3896 in
1855 3823 1941 3899 V.
1981 3825 2062 3896 F.
2117 3832 2327 3924 atque
2376 3827 2449 3900 in
2498 3829 2697 3902 Novo
2745 3836 2973 3928 patet,
3024 3835 3177 3903 tum
3226 3811 3319 3902 ad
3366 3835 3673 3902 nostram
3723 3817 4221 3899 consolationem,

1259 3950 1410 4017 tum
1483 3945 1574 4018 ad
1637 3945 2186 4020 emendationem
2259 3947 2494 4022 valens
2515 4006 2535 4036 ,
2605 3951 3100 4048 cognescamus
3121 4007 3141 4036 ,
3212 3948 3681 4047 intelligamus
3698 4004 3719 4033 ,
3780 3941 4219 4041 amplectamur-

1257 4061 1473 4140 Quod
1516 4071 1596 4136 ut
1636 4087 2087 4162 assequamur
2104 4122 2125 4152 ,
2173 4064 2346 4140 alter
2392 4065 2588 4141 alteri
2645 4068 2869 4144 lucem
2912 4067 3151 4142 afferat
3196 4077 3269 4142 et
3311 4068 3728 4166 opituletur3
3778 4064 3950 4140 alter
3988 4057 4219 4132 alterum

1255 4183 1472 4258 amice
1524 4184 1890 4260 admoneat
1910 4244 1929 4273 ,
1979 4208 2205 4282 neque
2246 4186 2431 4260 ullus
2471 4187 2561 4261 sit
2598 4187 2915 4286 proclivis
2950 4189 3042 4263 ad
3074 4187 3353 4262 fratrem
3400 4213 3607 4263 suum
3648 4175 4185 4261 condemnandum
4204 4225 4220 4253 ,

1159 4297 1166 4303 ’
1255 4305 1778 4379 recordantibus
1827 4312 1896 4379 et
1945 4305 2415 4404 cogitantibus
2460 4307 2793 4406 singulis,
2844 4331 3005 4397 nos,
3056 4309 3393 4408 quamdiu
3443 4309 3552 4383 his
3597 4308 3671 4382 in
3716 4307 3911 4381 terris
3952 4296 4219 4374 vivimus,

1255 4448 1340 4496 ex
1413 4435 1608 4523 parte
1672 4433 1947 4500 tantum
1993 4449 2403 4524 cognoscere
2424 4487 2443 4515 ,
2516 4454 2597 4504 ac
2668 4429 2880 4504 veluti
2940 4429 3049 4507 δι’
3104 4434 3472 4530 ἐσόπτρου
3530 4429 3615 4506 ἐν
3666 4426 4065 4526 αἰνίγματι
4111 4432 4219 4486 cer·

1251 4568 1414 4616 nere
1461 4546 1615 4637 1⁴¹⁵).
1715 4546 1787 4620 H
1792 4571 1910 4620 aec
1973 4544 2175 4622 unica
2221 4547 2331 4622 via
2383 4556 2528 4637 est,
2590 4575 2746 4624 meo
2798 4549 3083 4648 quidem
3134 4551 3391 4628 iudicio
3410 4609 3429 4638 ,
3496 4574 3636 4649 qua
3681 4551 4051 4647 praesentes
4095 4532 4214 4606 fit&

1255 4664 1574 4761 componi
1637 4665 1944 4762 possint,
2013 4673 2082 4739 et
2135 4667 2442 4742 veritatis
2492 4691 2788 4765 regnum
2838 4669 2909 4742 in
2961 4669 3097 4743 Dei
3144 4670 3611 4774 Cmusrrque
3636 4667 3998 4746 honorem,
4056 4661 4221 4746 ²³th

1255 4781 1600 4860 Ecclesiae
1653 4785 2199 4864 emolumentum
2249 4786 2543 4864 stabiliri
2592 4796 2665 4862 et
2712 4788 3133 4887 amplificari.

4454 1706 4459 2003 f
