4766 6034
1742 652 2339 719 lunlclA.
3151 676 3167 700 s
3433 653 3559 722 205

518 856 683 932 tatis
736 855 895 932 talis
914 915 933 945 ,
1006 881 1185 955 quae
1240 881 1381 933 non
1438 857 1574 933 nisi
1626 859 2022 960 frequenter
2062 860 2403 936 institutis
2455 859 2796 935 eiusmodi
2840 860 3436 938 observationibus
3484 871 3560 939 et

519 977 1006 1053 exercitatione
1060 978 1379 1079 diligenti
1422 980 1802 1080 acquiritur
1817 1013 1837 1071 ;
1886 982 1961 1056 in
2000 981 2486 1082 experimentis
2519 980 2968 1056 instituendis
3006 981 3178 1056 item
3218 983 3558 1060 iudicium

519 1107 807 1198 apparet
870 1122 1118 1174 sanum
1135 1157 1155 1188 ,
1226 1099 1589 1200 diligentia
1648 1126 1901 1202 magna
1962 1126 2190 1202 neque
2262 1101 2551 1204 felicitas
2617 1103 2962 1201 quaedam
3033 1102 3256 1178 defuit
3319 1105 3417 1178 ita
3481 1113 3560 1179 ut

520 1219 691 1294 haec
738 1219 973 1296 omnia
1018 1221 1445 1320 permultum
1496 1221 1746 1296 Ordini
1793 1223 2197 1322 placuerint.
3529 1301 3538 1307 .

620 1340 1003 1440 Postquam
1042 1341 1169 1416 has
1203 1341 1445 1417 laudes
1476 1341 1626 1417 iure
1664 1343 1930 1435 merito·
1948 1343 2111 1418 huic
2146 1343 2338 1442 operi
2370 1342 2654 1433 tribuit,
2696 1343 3182 1420 declarandum
3216 1351 3322 1418 est
3348 1369 3559 1445 quare

522 1484 735 1559 supra
776 1467 1157 1536 memorato
1195 1486 1523 1561 responso
1566 1463 1871 1562 primum
1891 1521 1911 1552 ,
1960 1461 2125 1538 huic
2170 1463 2556 1538 secundum
2609 1463 2839 1538 locum
2883 1464 3202 1540 tribuerit
3245 1465 3460 1541 Ordo,

619 1583 888 1655 Auctor
945 1581 1156 1680 primi
1210 1582 1522 1681 responsi
1585 1583 1672 1656 iis
1727 1607 1907 1681 quae
1957 1583 2047 1658 ab
2106 1583 2257 1657 aliis
2320 1583 2573 1682 scripta
2629 1593 2793 1658 sunt
2835 1609 3004 1659 usus
3052 1593 3158 1660 est
3199 1585 3564 1685 diligenter

520 1725 651 1776 nec
704 1709 935 1776 tamen
995 1725 1212 1776 manu
1238 1740 1245 1746 ·
1270 1701 1360 1777 ab
1417 1702 1555 1778 illis
1608 1702 1771 1778 duci
1836 1729 1909 1778 se
1972 1727 2219 1803 passus
2278 1712 2386 1778 est
2425 1704 2501 1778 in
2549 1729 2676 1778 suo
2715 1711 3016 1780 tractatu
3059 1707 3564 1805 componenda.
3655 1723 3664 1732 ·

520 1823 727 1898 Idem
778 1822 867 1898 de
935 1832 1213 1898 auctore
1251 1823 1562 1924 responsi
1604 1823 1853 1898 Latine
1897 1825 2271 1925 conscripti
2319 1825 2657 1901 affirmare
2705 1849 2844 1898 non
2893 1825 3052 1900 licet
3071 1886 3089 1913 ,
3142 1826 3400 1926 quippe
3444 1825 3569 1925 qui

521 1943 600 2017 in
662 1950 811 2018 tota
877 1942 1345 2042 disputatione
1413 1945 1647 2019 minus
1722 1944 2021 2020 liberum
2083 1970 2157 2020 se
2218 1946 2519 2021 servavit
2577 1971 2620 2019 a
2677 1945 2748 2018 vi
2811 1945 3216 2044 opinionum
3277 1946 3367 2021 ab
3417 1933 3569 2022 aliis
3665 1945 3670 1950 ’

520 2064 968 2163 prolatarum.
1090 2064 1706 2142 Quemadmodum
1776 2067 1851 2140 in
1914 2091 2242 2166 responso
2312 2067 2539 2165 primo
2613 2073 2853 2140 auctor
2923 2065 3300 2166 specimina
3378 2066 3572 2141 dedit

520 2183 793 2282 ingenii
816 2242 836 2271 ,
903 2182 1103 2258 liberi
1176 2183 1463 2272 iudicii:
1521 2184 1937 2261 inventionis
1958 2245 1979 2276 ‚
2046 2187 2144 2262 sic
2191 2187 2263 2260 in
2311 2187 2526 2261 altero
2547 2244 2567 2274 ‚
2615 2185 2776 2261 licet
2827 2187 3114 2262 minime
3159 2187 3286 2262 has
3331 2186 3572 2262 laudes

523 2303 597 2378 ei
664 2327 947 2403 prorsus
1016 2303 1255 2378 deesse
1320 2304 1613 2379 affirmet
1682 2304 1910 2394 ordo,
1986 2313 2219 2380 tamen
2284 2304 2522 2378 minus
2581 2303 2734 2378 illas
2797 2303 2994 2378 dotes
3044 2304 3117 2377 in
3167 2330 3248 2379 eo
3305 2291 3573 2380 elucere

522 2426 804 2526 putavit
871 2432 943 2499 et
992 2424 1086 2500 ob
1132 2425 1309 2499 hanc
1359 2425 1661 2501 maxime
1704 2450 1985 2501 causam
2042 2424 2473 2526 praeplacuit-
2515 2449 2922 2522 responsum
2981 2431 3184 2498 antea
3237 2447 3572 2498 memora-

522 2556 687 2622 tum
754 2553 827 2620 et
895 2570 1322 2644 quamquam
1386 2570 1527 2621 non
1572 2571 1827 2647 magno
1866 2545 2222 2621 intervallo
2272 2544 2572 2644 separari
2621 2544 2750 2620 hoc
2798 2544 2885 2618 de
2937 2569 3076 2643 quo
3117 2569 3304 2618 nunc
3345 2544 3577 2644 agitur

524 2668 624 2744 ab
686 2667 901 2742 altero
956 2673 1197 2765 putet,
1262 2673 1496 2742 tamen
1568 2655 1952 2742 secundum
2020 2656 2311 2742 tantum
2358 2666 2586 2740 locum
2643 2665 2708 2739 ei
2765 2689 2914 2739 esse
2977 2647 3427 2738 tribuendum
3471 2673 3579 2738 est

527 2788 935 2864 arbitratus.
3581 2769 3592 2778 ’

639 2907 953 2983 strtium
1022 2931 1432 3008 responsum
1499 2933 1640 2984 non
1699 2917 1841 2984 tam
1916 2933 2129 3009 prope
2191 2905 2456 2982 accedit
2511 2905 2602 2979 ad
2664 2905 2958 2978 alterum
3021 2929 3234 3004 quam
3298 2903 3429 2980 hoc
3491 2905 3581 2980 ad

527 3028 842 3129 primum
865 3088 886 3117 ,
938 3029 1062 3103 sed
1107 3030 1329 3105 multo
1378 3032 1636 3106 maiore
1688 3030 2047 3104 intervallo
2090 3029 2178 3104 ab
2224 3037 2520 3125 utroque
2549 3026 2912 3125 superiore
2965 3025 3196 3100 distat.

634 3152 842 3227 Quae
919 3148 1277 3225 historiam
1340 3151 1695 3226 doctrinae
1765 3151 1897 3225 loci
1962 3150 2141 3225 circa
2206 3174 2416 3247 quem
2485 3148 2798 3245 quaestio
2855 3156 3164 3222 versatur
3225 3153 3578 3246 spectant,

528 3271 893 3369 eleganter
953 3278 1025 3346 et
1091 3270 1319 3346 lucide
1382 3296 1547 3347 sane
1612 3278 1778 3345 sunt
1836 3270 2193 3371 exposita,
2263 3268 2386 3344 sed
2431 3267 2664 3341 minus
2711 3276 2943 3342 tamen
2999 3267 3403 3366 diligenter,
3453 3291 3582 3343 nec

528 3396 899 3489 tantopere
964 3390 1053 3465 ab
1133 3398 1411 3467 auctore
1471 3392 1545 3466 in
1616 3416 1901 3466 succum
1961 3399 2031 3465 et
2058 3390 2493 3489 ‘sanguinem
2516 3445 2535 3475 ,
2589 3396 2668 3461 ut
2715 3387 2814 3461 ita
2861 3386 3206 3475 dicamus,
3256 3409 3583 3462 conversa
3719 3402 3722 3406 ’

400 3602 407 3609 .
534 3517 709 3585 sunt
772 3534 855 3585 ea
920 3535 1101 3609 quae
1162 3512 1353 3611 apud
1411 3512 1581 3587 alios
1638 3512 1892 3611 reperit
1963 3535 2175 3610 quam
2236 3510 2311 3584 in
2363 3507 2710 3607 responsis
2761 3506 3230 3606 superioribus
3281 3506 3584 3581 maxime

530 3631 613 3704 in
666 3628 911 3729 primo,
1030 3632 1445 3731 Praeparata
1492 3630 1730 3707 addita
1784 3639 1951 3705 sunt
1993 3631 2227 3705 minus
2268 3653 2638 3703 numerosa
2681 3654 2894 3728 quam
2939 3652 3268 3727 responso
3308 3626 3580 3705 Latino·

534 3749 1061 3825 Delineationes
1102 3750 1337 3826 minus
1381 3750 1560 3825 bene
1602 3751 2003 3825 elaboratae.
2073 3749 2650 3849 Investigationes
2693 3749 3006 3849 propriae
3057 3748 3354 3823 auctoris
3415 3748 3585 3823 item

534 3869 807 3945 cedunt
864 3868 951 3943 iis
1017 3893 1193 3967 quas
1260 3870 1643 3969 superiores
1702 3870 1843 3945 duo
1904 3876 1976 3943 et
2033 3870 2346 3951 fecerunt
2406 3876 2476 3942 et
2537 3869 2993 3945 tradiderunt.
3097 3870 3345 3967 Itaque
3394 3867 3586 3941 omni

535 3989 825 4064 nomine
892 3990 1176 4063 tertium
1233 3996 1512 4064 tantum
1568 3990 1795 4064 locum
1844 3989 2006 4064 huic
2048 3987 2375 4064 tractatui
2425 3988 2618 4063 Ordo
2661 3988 3047 4064 adscribere
3093 3986 3374 4075 debuit;
3425 3986 3586 4062 licet

538 4109 732 4184 ultro
798 4110 1011 4184 etiam
1074 4110 1253 4185 hanc
1314 4110 1827 4210 responsionem
1891 4108 2097 4185 laude
2157 4108 2442 4207 dignam
2487 4115 2559 4182 et
2609 4106 2887 4207 publico
2927 4107 3150 4207 elogio
3200 4107 3582 4183 ornandam

536 4230 914 4305 censuerit.
1612 4306 1631 4315 ,

648 4349 999 4449 Operibus
1058 4350 1167 4425 his
1224 4351 1451 4427 tribus
1512 4353 1613 4427 ita
1671 4351 2026 4427 recensitis
2056 4349 2263 4425 Ordo
2317 4349 2406 4425 de
2449 4372 2591 4424 una
2637 4346 2866 4422 adhuc
2911 4370 2984 4419 re
3027 4346 3138 4420 sui
3183 4370 3393 4421 causa
3437 4370 3584 4420 mo-

538 4470 863 4544 nendum
912 4477 1136 4569 putat.
1240 4472 1505 4547 Mirum
1556 4472 1772 4547 videri
1818 4472 2036 4571 possit
2080 4494 2313 4545 rerum
2368 4467 2602 4542 minus
2656 4466 2896 4565 peritis
2915 4522 2935 4554 ‚
2999 4488 3160 4539 eum
3206 4465 3280 4538 in
3329 4464 3587 4540 iudicio

538 4590 837 4665 ferendo
894 4615 1035 4665 non
1094 4590 1336 4667 fecisse
1391 4592 1815 4668 mentionem
1876 4589 2396 4665 conclusionum
2451 4586 2882 4686 scriptorum.
2983 4584 3142 4659 Hae
3201 4608 3364 4661 sane
3421 4585 3589 4660 satis

540 4710 736 4785 inter
788 4733 861 4784 se
905 4708 1326 4811 discrepant,
1372 4712 1562 4813 quod
1608 4736 1749 4788 non
1796 4711 2051 4787 mirum
2092 4710 2166 4784 in
2208 4706 2614 4785 tractatione
2660 4700 3053 4806 argumenti
3099 4703 3376 4780 obscuri
3400 4712 3471 4779 et
3499 4704 3588 4779 de

542 4853 699 4930 quo
760 4830 1103 4931 principes
1158 4832 1231 4908 in
1286 4832 1595 4909 doctrina
1648 4833 1777 4907 viri
1831 4830 2270 4907 dissentiunt.
2372 4828 2534 4941 Alia
2593 4824 3049 4904 conclusionis
3101 4849 3262 4925 pars
3305 4823 3381 4900 in
3435 4824 3588 4902 aliis

1176 5172 1182 5209 1
