4766 6034
1134 630 1268 696 284
2324 632 2394 701 E.
2461 634 2519 700 J.
2589 632 2958 711 amm„

1134 837 1533 913 etiamnunc
1588 844 1659 912 et
1708 837 1966 936 quibus
2025 836 2369 939 hodieque
2425 840 2710 916 utimur.
2811 840 3081 915 Omitto
3129 838 3422 929 leviora3
3493 838 3908 939 paucissima
3955 850 4118 917 sunt
4132 901 4153 931 ‚

1136 980 1318 1053 quae
1373 978 1601 1056 neque
1662 957 1827 1033 inde
1891 965 2042 1033 orta
2060 1016 2080 1047 ‚
2147 983 2375 1058 neque
2433 961 2522 1036 ab
2583 961 2736 1035 istis
2797 960 3030 1059 aliquo
3092 959 3372 1035 nomine
3439 960 3736 1037 adaucta
3795 960 3954 1038 sint.
4055 964 4153 1037 Ea

1132 1074 1351 1174 igitur
1405 1101 1609 1151 nosse
1668 1084 1741 1152 et
1804 1084 1989 1152 recte
2043 1077 2428 1178 intelligere
2478 1078 2765 1154 maximi
2807 1078 3141 1154 momenti
3179 1086 3292 1153 est
3316 1137 3337 1167 ,
3397 1102 3580 1178 quae
3621 1104 3786 1155 cum
3839 1086 3946 1155 tot
4003 1088 4154 1155 tan-

1134 1193 1365 1295 tisque
1410 1205 1483 1270 et
1518 1204 1665 1272 tam
1708 1198 1909 1272 variis
1954 1199 2383 1296 argumentis
2422 1200 2863 1287 cohaereant,
2913 1198 3172 1297 quibus
3209 1198 3375 1274 inde
3412 1200 3534 1275 lux
3575 1198 3737 1275 oriri
3760 1257 3782 1289 ,
3832 1223 4156 1299 quorum·

1134 1339 1271 1414 que
1332 1316 1787 1416 intelligentia
1845 1302 2086 1417 augeri
2144 1325 2219 1392 et
2270 1326 2500 1417 potest
2545 1326 2618 1393 et
2645 1318 2859 1407 solet.
2957 1318 3230 1417 Nempe
3276 1320 3337 1394 si
3385 1318 3516 1395 hoc
3559 1343 3838 1395 summa
3877 1318 4154 1419 ingenia

1129 1442 1381 1510 testata
1434 1444 1635 1525 sunt,
1686 1460 1760 1511 se
1808 1437 2227 1535 simulatque
2271 1462 2530 1513 novum
2579 1437 2931 1535 quendam
2961 1460 3350 1513 sermonem
3371 1438 3909 1528 addidicissent,
3959 1438 4155 1536 quasi

1131 1579 1310 1629 novo
1353 1556 1554 1631 oculo
1594 1556 1729 1631 sibi
1770 1557 2146 1631 instructos
2190 1582 2341 1633 esse
2387 1557 2568 1631 visos
2590 1616 2610 1645 ,
2661 1558 2750 1632 de
2791 1556 3002 1633 nullis
3039 1556 3116 1631 id
3159 1558 3388 1632 verius
3431 1582 3582 1633 esse
3623 1564 3854 1658 potest
3873 1616 3896 1647 ,
3947 1582 4155 1655 quam

1131 1674 1221 1749 de
1282 1674 1372 1749 iis
1392 1734 1413 1764 ,
1478 1698 1657 1774 quae
1707 1683 1779 1751 et
1826 1676 2204 1752 formarum
2254 1675 2750 1775 amplitudine,
2817 1682 2891 1751 et
2927 1676 3094 1775 quia
3135 1676 3430 1775 dispersi
3473 1702 3600 1778 per
3643 1678 3950 1753 maxima
3999 1678 4159 1752 olim

1132 1793 1355 1892 spatia
1372 1851 1393 1883 ‚
1460 1803 1531 1869 et
1587 1795 1915 1894 quoniam
1976 1794 2499 1894 perduraverint
2541 1796 2618 1870 in
2673 1794 3147 1871 diutissimum
3197 1820 3447 1871 aevum
3469 1854 3490 1885 ‚
3558 1804 3632 1871 et
3677 1796 4040 1872 effectibus
4089 1798 4160 1869 in

1128 1914 1443 1989 animum
1500 1915 1885 1990 humanum
1906 1974 1925 2004 ,
1990 1921 2062 1989 et
2113 1913 2670 2015 praeclarissimis
2723 1914 2996 2015 scriptis
3014 1972 3035 2005 ‚
3083 1922 3156 1989 et
3201 1914 3443 1989 innata
3485 1913 3999 2013 pulchritudine
4017 1973 4040 2004 ,
4090 1910 4187 1989 et'

1130 2034 1283 2131 ipsa
1330 2034 1399 2107 vi
1446 2034 1517 2108 in
1563 2058 1802 2109 omnes
1844 2035 2127 2119 omnino
2171 2060 2517 2110 sermones
2566 2035 2800 2110 minus
2839 2034 3050 2111 rudes
3093 2034 3218 2135 qui
3257 2035 3662 2110 etiamnunc
3707 2042 4160 2134 usurpantur,

1134 2152 1312 2257 nulli
1352 2152 1549 2228 alteri
1592 2176 1820 2252 neque
1865 2153 2123 2228 cedunt
2167 2164 2238 2230 et
2287 2155 2430 2229 fere
2473 2151 2852 2251 comparari
2889 2161 3281 2252 nequeunt,
3332 2154 3458 2254 qui
3495 2153 3557 2229 si
3595 2152 3838 2228 reduci
3881 2162 4158 2254 possent

1130 2277 1203 2345 et
1259 2296 1420 2347 cum
1470 2272 1800 2371 gentibus
1847 2273 2339 2349 communicari
2354 2332 2375 2362 ,
2427 2272 2684 2347 mirum
2729 2279 3074 2371 quantum
3121 2273 3442 2349 utilitatis
3487 2272 3830 2349 afferrent.

1228 2392 1329 2465 At
1390 2392 1821 2485 contendunt
1873 2393 2115 2482 multi,
2164 2400 2237 2468 et
2292 2392 2463 2468 haec
2511 2399 2618 2467 est
2656 2392 2867 2481 ratio,
2917 2416 3058 2491 qua
3097 2416 3240 2468 una
3279 2399 3576 2492 possunt
3625 2392 3955 2467 adversus
3997 2391 4159 2465 haec

1130 2510 1361 2585 studia
1408 2520 1822 2611 argumenta
1870 2512 2173 2588 firmiora
2216 2510 2500 2589 excitari
2517 2568 2539 2600 ,
2603 2518 2875 2587 tantam
2931 2510 3076 2586 iam
3123 2536 3276 2587 esse
3331 2512 3603 2611 copiam
3645 2516 3720 2585 et
3765 2508 4162 2609 amplitudi-

1124 2654 1291 2705 nem
1343 2631 1695 2707 doctrinae
1756 2631 2101 2707 humanae
2126 2690 2147 2721 ‚
2217 2637 2300 2706 ut
2362 2638 2437 2706 et
2497 2656 2540 2705 a
2605 2630 2896 2729 singulis
2963 2630 3182 2705 teneri
3227 2636 3570 2729 nequeat,
3617 2636 3691 2705 et
3739 2630 3891 2704 eius
3939 2638 4164 2728 partes

1125 2750 1537 2849 praecipuae
1556 2808 1577 2839 ‚
1624 2750 1899 2826 omissis
1946 2750 2189 2828 ceteris
2226 2759 2299 2827 et
2341 2750 2610 2826 reiectis
2629 2808 2649 2839 ,
2697 2749 3058 2849 eligendae
3103 2750 3244 2825 sint
3261 2809 3284 2840 ,
3335 2757 3417 2826 ut
3465 2750 3702 2849 aliqua
3745 2750 4036 2826 demum
4082 2775 4166 2823 ex

1128 2876 1323 2968 parte
1365 2870 1642 2945 obviam
1690 2876 1888 2949 eatur
1922 2871 2221 2971 pruritui
2265 2869 2669 2946 addiscendi
2709 2892 2922 2969 quam
2962 2868 3262 2968 plurima
3304 2878 3378 2945 et
3417 2894 3630 2970 quam
3675 2868 4162 2959 diversissima,

1127 2995 1211 3063 ut
1257 2988 1539 3066 tandem
1598 2991 1954 3068 minuatur
1998 3016 2081 3069 ea
2130 2990 2269 3082 vis,
2334 3014 2514 3090 quae
2559 2988 2876 3090 ingenia,
2932 2987 3262 3066 iuvenilia
3311 2988 3714 3090 praesertim
3730 3047 3750 3079 ‚
3799 2988 3954 3088 ipsa
4011 2988 4164 3064 doc-

1128 3109 1349 3185 trinae
1392 3110 1575 3187 mole
1612 3136 1933 3212 premens
1978 3111 2398 3211 exstinguat.
2466 3111 2786 3188 Quorum
2825 3108 3007 3184 illud
3038 3109 3278 3208 negari
3315 3109 3598 3186 omnino
3635 3109 3915 3208 nequit,
3943 3132 4163 3206 neque

1128 3228 1266 3304 hoc
1318 3229 1663 3306 absonum
1720 3239 1829 3306 est
1846 3289 1867 3322 ‚
1931 3231 2055 3307 sed
2104 3229 2486 3306 videndum
2545 3229 2718 3328 quid
2776 3229 2941 3304 inde
2992 3229 3272 3304 fluxerit
3317 3237 3391 3302 et
3437 3234 3787 3329 sequatur.
3887 3229 4000 3304 Ne
4043 3253 4160 3304 au·

1124 3355 1269 3422 tem
1285 3405 1307 3438 ,
1372 3347 1634 3425 interea
1652 3409 1673 3439 ,
1736 3351 2023 3428 nimiam
2072 3351 2250 3426 hanc
2299 3347 2504 3424 nobis
2551 3347 2902 3424 doctrinae
2949 3347 3220 3446 copiam
3271 3348 3504 3424 animo
3549 3347 4004 3424 informemus
4021 3406 4042 3436 ‚
4074 3357 4162 3428 ,et

1130 3467 1245 3540 vix
1286 3470 1815 3546 sustentandam
1860 3471 2275 3547 arbitremur
2292 3529 2313 3559 ,
2362 3469 2480 3544 cui
2519 3468 2580 3542 si
2622 3466 2808 3542 bona
2847 3491 3008 3566 pars
3045 3467 3286 3542 addita
3331 3467 3572 3557 fuerit,
3619 3475 3700 3542 ut
3759 3467 3901 3543 iam
3943 3491 4163 3543 acces-

1132 3608 1293 3658 sura
1348 3593 1494 3675 est,
1556 3610 1697 3662 non
1766 3589 2142 3666 tolerabilis
2206 3589 2416 3665 modo
2483 3588 2608 3662 sed
2677 3587 2786 3662 vel
2847 3586 2945 3662 sic
3007 3585 3199 3662 haud
3247 3588 3594 3664 sufficiens
3637 3586 3770 3664 erit
3824 3586 4160 3662 habenda.

1131 3704 1405 3802 Nempe
1469 3704 1637 3780 haec
1706 3707 1897 3807 vulgi
1958 3707 2100 3782 fere
2118 3765 2139 3797 ,
2216 3716 2287 3783 et
2358 3709 2670 3806 ipsorum
2741 3705 3209 3805 ignorantium
3277 3714 3443 3781 sunt
3513 3707 3846 3783 clamores
3861 3765 3882 3795 ,
3963 3731 4160 3806 saepe

1130 3823 1569 3922 negligendi,
1618 3832 1742 3899 aut
1788 3849 1929 3924 quo
1978 3825 2291 3902 acerbius
2336 3832 2742 3926 pungantur
2786 3849 2870 3902 ea
2912 3824 3178 3901 ratione
3221 3826 3676 3926 oppugnandi
3722 3849 3864 3925 qua
3911 3825 4154 3901 dicam.

1132 3941 1353 4031 Sunt,
1404 3939 1527 4040 qui
1574 3940 1703 4016 hoc
1744 3941 2139 4043 saepissime
2196 3967 2316 4020 ore
2358 3950 2604 4043 gerant
2645 3950 2720 4019 et
2759 3942 2860 4018 ita
2911 3965 3115 4042 agere
3159 3943 3370 4020 etiam
3429 3945 3694 4021 soleant
3710 4003 3731 4034 ‚
3782 3953 3865 4021 ut
3905 3941 4156 4020 fr‘u'stra

1132 4059 1381 4136 sudare
1440 4061 1675 4136 dicant
1734 4069 1806 4138 et
1851 4062 2158 4138 laborare
2217 4063 2564 4162 optimum
2607 4085 2956 4162 quemque
3009 4061 3086 4136 in
3129 4061 3340 4137 rebus
3403 4063 3546 4139 sive
3605 4063 3974 4139 inutilibus
4013 4049 4154 4140 om*—

1127 4183 1296 4255 nino
1317 4236 1338 4269 ,
1387 4179 1529 4254 sive
1570 4182 1767 4280 pmvi
1806 4181 2161 4258 momenti.
2258 4182 2360 4255 Iis
2401 4181 2543 4257 iam
2589 4179 3110 4257 concedendum
3151 4189 3260 4256 est
3271 4238 3302 4276 ,
3351 4182 3654 4282 graviter
3700 4207 3962 4259 errasse
4003 4207 4152 4258 eru·

1132 4299 1413 4376 ditiores
1432 4357 1455 4389 ,
1504 4300 1728 4376 sicubi
1772 4300 1891 4376 illa
1943 4325 2201 4402 magna
2247 4299 2530 4401 ingenia
2581 4299 2948 4376 nobiscum
2993 4299 3296 4400 benigne
3353 4302 3860 4378 communicare
3909 4301 4150 4389 velint,

1128 4443 1307 4518 quae
1352 4419 1637 4494 demum
1657 4475 1677 4507 ‚
1725 4425 1798 4494 et
1838 4419 2097 4519 quibus
2142 4420 2570 4521 argumentis
2591 4479 2612 4512 ,
2663 4419 2804 4496 sint
2837 4421 2988 4507 „ist'a
3031 4419 3310 4495 maioris
3351 4422 3689 4524 momenti
3729 4430 3802 4497 et
3845 4421 4149 4509 virtutis,
4198 4466 4214 4481 ι

1001 4553 1017 4568 ·
1129 4538 1389 4636 quibus
1442 4538 1675 4638 potius
1724 4538 1937 4614 vitam
1994 4548 2302 4616 nostram
2349 4538 2680 4616 adhibere
2699 4597 2720 4629 ,
2789 4548 2862 4616 et
2911 4539 2987 4614 in
3048 4537 3306 4638 quibus
3355 4540 3532 4616 vires
3585 4539 3984 4656 impendere
4032 4539 4146 4614 de-

1128 4659 1419 4735 beamus
1434 4717 1457 4750 ,
1506 4683 1635 4734 nec
1674 4657 1871 4734 facile
1910 4658 2345 4748 excitabunt,
2393 4657 2530 4735 nisi
2572 4683 2750 4759 quae
2793 4657 3016 4735 multo
3057 4657 3267 4734 etiam
3312 4657 3546 4759 plures
3583 4659 3891 4736 reiicient
3934 4679 4145 4757 quam

1126 4801 1313 4855 nunc
1364 4777 1731 4856 fastidiunt
1772 4785 2026 4855 nostra.
2128 4779 2267 4854 Sed
2316 4779 2419 4854 ita
2461 4801 2572 4854 res
2614 4779 2756 4856 iam
2809 4781 2902 4858 ad
2957 4777 3189 4855 studia
3233 4778 3501 4879 privata
3521 4835 3544 4872 ,
3591 4785 3666 4854 et
3715 4776 4144 4878 singulorum
