<?xml version="1.0" encoding="UTF-8"?>
<!DOCTYPE html PUBLIC "-//W3C//DTD XHTML 1.0 Transitional//EN"
    "http://www.w3.org/TR/xhtml1/DTD/xhtml1-transitional.dtd">
<html xmlns="http://www.w3.org/1999/xhtml" xml:lang="en" lang="en">
 <head>
  <title>
</title>
<meta http-equiv="Content-Type" content="text/html;charset=utf-8" />
  <meta name='ocr-system' content='tesseract 3.04.00' />
  <meta name='ocr-capabilities' content='ocr_page ocr_carea ocr_par ocr_line ocrx_word'/>
</head>
<body>
  <div class='ocr_page' id='page_1' title='image "annalesacademic02confgoog_0084.png"; bbox 0 0 4766 6034; ppageno 0'>
   <div class='ocr_carea' id='block_1_1' title="bbox 1079 604 2936 678">
    <p class='ocr_par' dir='ltr' id='par_1_1' title="bbox 1079 604 2936 678">
     <span class='ocr_line' id='line_1_1' title="bbox 1079 604 2936 678; baseline 0.003 -7"><span class='ocrx_word' id='word_1_1' title='bbox 1079 604 1163 672; x_wconf 85' lang='grc'><strong>68</strong></span> <span class='ocrx_word' id='word_1_2' title='bbox 2265 608 2339 677; x_wconf 76' lang='lat' dir='ltr'><strong>A.</strong></span> <span class='ocrx_word' id='word_1_3' title='bbox 2428 605 2936 678; x_wconf 81' lang='lat' dir='ltr'>KUENEN</span> 
     </span>
    </p>
   </div>
   <div class='ocr_carea' id='block_1_2' title="bbox 1075 813 4112 917">
    <p class='ocr_par' dir='ltr' id='par_1_2' title="bbox 1075 813 4112 917">
     <span class='ocr_line' id='line_1_2' title="bbox 1075 813 4112 917; baseline 0 -28"><span class='ocrx_word' id='word_1_4' title='bbox 1075 814 1325 890; x_wconf 87' lang='lat' dir='ltr'><strong>merito</strong></span> <span class='ocrx_word' id='word_1_5' title='bbox 1386 814 1845 913; x_wconf 79' lang='lat' dir='ltr'><strong>postulantur.</strong></span> <span class='ocrx_word' id='word_1_6' title='bbox 1944 818 2058 892; x_wconf 90' lang='lat' dir='ltr'><strong>Ita</strong></span> <span class='ocrx_word' id='word_1_7' title='bbox 2116 842 2386 916; x_wconf 89' lang='lat' dir='ltr'><strong>sperare</strong></span> <span class='ocrx_word' id='word_1_8' title='bbox 2447 841 2733 917; x_wconf 89' lang='lat' dir='ltr'><strong>possum</strong></span> <span class='ocrx_word' id='word_1_9' title='bbox 2754 876 2774 907; x_wconf 91' lang='lat'><em>,</em></span> <span class='ocrx_word' id='word_1_10' title='bbox 2833 817 2978 893; x_wconf 88' lang='lat' dir='ltr'><strong>fore</strong></span> <span class='ocrx_word' id='word_1_11' title='bbox 3035 824 3116 891; x_wconf 91' lang='lat' dir='ltr'><strong>ut</strong></span> <span class='ocrx_word' id='word_1_12' title='bbox 3159 813 3533 913; x_wconf 84' lang='lat' dir='ltr'><strong>aliquando</strong></span> <span class='ocrx_word' id='word_1_13' title='bbox 3580 819 3778 891; x_wconf 89' lang='lat' dir='ltr'><strong>tanto</strong></span> <span class='ocrx_word' id='word_1_14' title='bbox 3825 837 4112 889; x_wconf 90' lang='lat' dir='ltr'><strong>munere</strong></span> 
     </span>
    </p>
   </div>
   <div class='ocr_carea' id='block_1_3' title="bbox 920 933 4113 1037">
    <p class='ocr_par' dir='ltr' id='par_1_3' title="bbox 920 933 4113 1037">
     <span class='ocr_line' id='line_1_3' title="bbox 920 933 4113 1037; baseline 0 -30"><span class='ocrx_word' id='word_1_15' title='bbox 920 982 929 991; x_wconf 83' lang='lat'>-</span> <span class='ocrx_word' id='word_1_16' title='bbox 1077 959 1219 1009; x_wconf 92' lang='lat' dir='ltr'><strong>non</strong></span> <span class='ocrx_word' id='word_1_17' title='bbox 1268 933 1548 1008; x_wconf 91' lang='lat' dir='ltr'><strong>omnino</strong></span> <span class='ocrx_word' id='word_1_18' title='bbox 1586 934 1805 1031; x_wconf 80' lang='lat' dir='ltr'>Vobis</span> <span class='ocrx_word' id='word_1_19' title='bbox 1848 934 2084 1011; x_wconf 89' lang='lat' dir='ltr'><strong>videar</strong></span> <span class='ocrx_word' id='word_1_20' title='bbox 2122 937 2478 1037; x_wconf 89' lang='lat' dir='ltr'><strong>indignus.</strong></span> <span class='ocrx_word' id='word_1_21' title='bbox 2581 937 2778 1013; x_wconf 86' lang='lat' dir='ltr'><strong>Haec</strong></span> <span class='ocrx_word' id='word_1_22' title='bbox 2822 937 3111 1013; x_wconf 84' lang='lat' dir='ltr'><strong>felicitas</strong></span> <span class='ocrx_word' id='word_1_23' title='bbox 3155 943 3236 1010; x_wconf 90' lang='lat' dir='ltr'><strong>ut</strong></span> <span class='ocrx_word' id='word_1_24' title='bbox 3270 934 3444 1009; x_wconf 90' lang='lat' dir='ltr'><strong>mihi</strong></span> <span class='ocrx_word' id='word_1_25' title='bbox 3487 934 3881 1034; x_wconf 85' lang='lat' dir='ltr'><strong>contingat,</strong></span> <span class='ocrx_word' id='word_1_26' title='bbox 3920 935 4113 1008; x_wconf 86' lang='lat' dir='ltr'><strong>Deus</strong></span> 
     </span>
    </p>
   </div>
   <div class='ocr_carea' id='block_1_4' title="bbox 1070 1053 4188 3550">
    <p class='ocr_par' dir='ltr' id='par_1_4' title="bbox 1076 1053 4112 1274">
     <span class='ocr_line' id='line_1_4' title="bbox 1076 1053 4112 1157; baseline 0 -31"><span class='ocrx_word' id='word_1_27' title='bbox 1076 1053 1253 1129; x_wconf 84' lang='lat' dir='ltr'><strong>faxit</strong></span> <span class='ocrx_word' id='word_1_28' title='bbox 1290 1054 1376 1127; x_wconf 91' lang='lat' dir='ltr'><strong>O.</strong></span> <span class='ocrx_word' id='word_1_29' title='bbox 1424 1054 1571 1128; x_wconf 86' lang='lat' dir='ltr'><strong>M.!</strong></span> <span class='ocrx_word' id='word_1_30' title='bbox 1623 1078 1834 1151; x_wconf 93' lang='lat' dir='ltr'><strong>quem</strong></span> <span class='ocrx_word' id='word_1_31' title='bbox 1886 1080 2016 1155; x_wconf 89' lang='lat' dir='ltr'><strong>ego</strong></span> <span class='ocrx_word' id='word_1_32' title='bbox 2035 1114 2055 1145; x_wconf 91' lang='lat'><em>,</em></span> <span class='ocrx_word' id='word_1_33' title='bbox 2106 1066 2187 1132; x_wconf 89' lang='lat' dir='ltr'><strong>ut</strong></span> <span class='ocrx_word' id='word_1_34' title='bbox 2238 1058 2383 1132; x_wconf 90' lang='lat' dir='ltr'><strong>Vos</strong></span> <span class='ocrx_word' id='word_1_35' title='bbox 2433 1057 2510 1133; x_wconf 91' lang='lat' dir='ltr'><strong>in</strong></span> <span class='ocrx_word' id='word_1_36' title='bbox 2555 1057 2818 1157; x_wconf 81' lang='lat' dir='ltr'>patriae</span> <span class='ocrx_word' id='word_1_37' title='bbox 2865 1064 2937 1131; x_wconf 92' lang='lat' dir='ltr'><strong>et</strong></span> <span class='ocrx_word' id='word_1_38' title='bbox 2980 1056 3400 1132; x_wconf 80' lang='lat' dir='ltr'><strong>Academiae</strong></span> <span class='ocrx_word' id='word_1_39' title='bbox 3449 1054 3747 1130; x_wconf 87' lang='lat' dir='ltr'><strong>salutem</strong></span> <span class='ocrx_word' id='word_1_40' title='bbox 3807 1054 3932 1128; x_wconf 90' lang='lat' dir='ltr'><strong>diu</strong></span> <span class='ocrx_word' id='word_1_41' title='bbox 3975 1078 4112 1128; x_wconf 88' lang='lat' dir='ltr'><strong>ser-</strong></span> 
     </span>
     <span class='ocr_line' id='line_1_5' title="bbox 1078 1172 2215 1274; baseline 0.004 -28"><span class='ocrx_word' id='word_1_42' title='bbox 1078 1179 1193 1249; x_wconf 90' lang='lat' dir='ltr'><strong>vet</strong></span> <span class='ocrx_word' id='word_1_43' title='bbox 1238 1172 1653 1261; x_wconf 89' lang='lat' dir='ltr'><strong>incolumes,</strong></span> <span class='ocrx_word' id='word_1_44' title='bbox 1702 1175 1906 1249; x_wconf 84' lang='lat' dir='ltr'><strong>enixe</strong></span> <span class='ocrx_word' id='word_1_45' title='bbox 1954 1199 2215 1274; x_wconf 84' lang='lat' dir='ltr'><strong>precor.</strong></span> 
     </span>
    </p>

    <p class='ocr_par' dir='ltr' id='par_1_5' title="bbox 1070 1290 4188 2923">
     <span class='ocr_line' id='line_1_6' title="bbox 1172 1290 4188 1395; baseline 0 -30"><span class='ocrx_word' id='word_1_46' title='bbox 1172 1293 1399 1367; x_wconf 92' lang='lat' dir='ltr'><strong>Nemo</strong></span> <span class='ocrx_word' id='word_1_47' title='bbox 1450 1312 1621 1368; x_wconf 71' lang='lat' dir='ltr'><strong>sane·</strong></span> <span class='ocrx_word' id='word_1_48' title='bbox 1674 1294 2043 1369; x_wconf 89' lang='lat' dir='ltr'><strong>mirabitur</strong></span> <span class='ocrx_word' id='word_1_49' title='bbox 2064 1354 2083 1383; x_wconf 91' lang='lat'>,</span> <span class='ocrx_word' id='word_1_50' title='bbox 2144 1296 2584 1372; x_wconf 89' lang='lat' dir='ltr'><strong>vehementer</strong></span> <span class='ocrx_word' id='word_1_51' title='bbox 2629 1295 2801 1373; x_wconf 89' lang='lat' dir='ltr'><strong>mihi</strong></span> <span class='ocrx_word' id='word_1_52' title='bbox 2847 1297 3262 1371; x_wconf 86' lang='lat' dir='ltr'><strong>commoveri</strong></span> <span class='ocrx_word' id='word_1_53' title='bbox 3308 1295 3656 1383; x_wconf 89' lang='lat' dir='ltr'><strong>animum,</strong></span> <span class='ocrx_word' id='word_1_54' title='bbox 3704 1316 3928 1395; x_wconf 90' lang='lat' dir='ltr'><strong>quum</strong></span> <span class='ocrx_word' id='word_1_55' title='bbox 3972 1290 4116 1365; x_wconf 90' lang='lat' dir='ltr'><strong>Vos</strong></span> <span class='ocrx_word' id='word_1_56' title='bbox 4179 1380 4188 1389; x_wconf 25' lang='grc' dir='ltr'><strong><em>ο</em></strong></span> 
     </span>
     <span class='ocr_line' id='line_1_7' title="bbox 1076 1412 4118 1516; baseline -0.001 -29"><span class='ocrx_word' id='word_1_57' title='bbox 1076 1412 1421 1511; x_wconf 87' lang='lat' dir='ltr'><strong>alloquar,</strong></span> <span class='ocrx_word' id='word_1_58' title='bbox 1492 1413 1685 1486; x_wconf 92' lang='lat' dir='ltr'><strong>Viri</strong></span> <span class='ocrx_word' id='word_1_59' title='bbox 1750 1413 2251 1489; x_wconf 84' lang='lat' dir='ltr'><strong>Clarissimi</strong></span> <span class='ocrx_word' id='word_1_60' title='bbox 2290 1418 2303 1489; x_wconf 81' lang='lat' dir='ltr'><strong>l</strong></span> <span class='ocrx_word' id='word_1_61' title='bbox 2356 1440 2534 1515; x_wconf 92' lang='lat' dir='ltr'><strong>quos</strong></span> <span class='ocrx_word' id='word_1_62' title='bbox 2579 1417 2720 1491; x_wconf 89' lang='lat' dir='ltr'><strong>iam</strong></span> <span class='ocrx_word' id='word_1_63' title='bbox 2768 1422 2966 1515; x_wconf 88' lang='lat' dir='ltr'><strong>grato</strong></span> <span class='ocrx_word' id='word_1_64' title='bbox 3015 1416 3430 1516; x_wconf 87' lang='lat' dir='ltr'><strong>collegarum</strong></span> <span class='ocrx_word' id='word_1_65' title='bbox 3481 1415 3760 1489; x_wconf 88' lang='lat' dir='ltr'><strong>nomine</strong></span> <span class='ocrx_word' id='word_1_66' title='bbox 3821 1412 4118 1487; x_wconf 86' lang='lat' dir='ltr'><strong>salutare</strong></span> 
     </span>
     <span class='ocr_line' id='line_1_8' title="bbox 1074 1531 4118 1635; baseline -0.001 -30"><span class='ocrx_word' id='word_1_67' title='bbox 1074 1532 1247 1605; x_wconf 91' lang='lat' dir='ltr'><strong>mihi</strong></span> <span class='ocrx_word' id='word_1_68' title='bbox 1310 1532 1489 1607; x_wconf 90' lang='lat' dir='ltr'><strong>licet.</strong></span> <span class='ocrx_word' id='word_1_69' title='bbox 1590 1533 1737 1608; x_wconf 90' lang='lat' dir='ltr'><strong>Vos</strong></span> <span class='ocrx_word' id='word_1_70' title='bbox 1794 1559 2017 1633; x_wconf 91' lang='lat' dir='ltr'><strong>quum</strong></span> <span class='ocrx_word' id='word_1_71' title='bbox 2080 1536 2355 1611; x_wconf 90' lang='lat' dir='ltr'><strong>intueor</strong></span> <span class='ocrx_word' id='word_1_72' title='bbox 2375 1595 2396 1625; x_wconf 88' lang='lat'><em>,</em></span> <span class='ocrx_word' id='word_1_73' title='bbox 2469 1561 2765 1635; x_wconf 90' lang='lat' dir='ltr'><strong>quorum</strong></span> <span class='ocrx_word' id='word_1_74' title='bbox 2825 1536 3283 1611; x_wconf 88' lang='lat' dir='ltr'><strong>eruditionem</strong></span> <span class='ocrx_word' id='word_1_75' title='bbox 3351 1535 3781 1611; x_wconf 89' lang='lat' dir='ltr'><strong>admirantur</strong></span> <span class='ocrx_word' id='word_1_76' title='bbox 3845 1531 4118 1617; x_wconf 87' lang='lat' dir='ltr'><strong>cuncti,</strong></span> 
     </span>
     <span class='ocr_line' id='line_1_9' title="bbox 1074 1653 4118 1755; baseline 0 -29"><span class='ocrx_word' id='word_1_77' title='bbox 1074 1676 1249 1749; x_wconf 90' lang='lat' dir='ltr'><strong>quos</strong></span> <span class='ocrx_word' id='word_1_78' title='bbox 1300 1654 1526 1751; x_wconf 87' lang='lat' dir='ltr'><strong>patria</strong></span> <span class='ocrx_word' id='word_1_79' title='bbox 1571 1660 1643 1727; x_wconf 86' lang='lat' dir='ltr'><strong>et</strong></span> <span class='ocrx_word' id='word_1_80' title='bbox 1697 1653 1865 1728; x_wconf 89' lang='lat' dir='ltr'><strong>haec</strong></span> <span class='ocrx_word' id='word_1_81' title='bbox 1910 1656 2277 1729; x_wconf 83' lang='lat' dir='ltr'><strong>Musarum</strong></span> <span class='ocrx_word' id='word_1_82' title='bbox 2332 1657 2530 1731; x_wconf 91' lang='lat' dir='ltr'><strong>sedes</strong></span> <span class='ocrx_word' id='word_1_83' title='bbox 2573 1682 2734 1732; x_wconf 88' lang='lat' dir='ltr'><strong>suos</strong></span> <span class='ocrx_word' id='word_1_84' title='bbox 2780 1680 2930 1731; x_wconf 89' lang='lat' dir='ltr'><strong>esse</strong></span> <span class='ocrx_word' id='word_1_85' title='bbox 2982 1656 3366 1755; x_wconf 85' lang='lat' dir='ltr'><strong>gloriantur</strong></span> <span class='ocrx_word' id='word_1_86' title='bbox 3383 1714 3403 1745; x_wconf 91' lang='lat'><em>,</em></span> <span class='ocrx_word' id='word_1_87' title='bbox 3454 1680 3628 1754; x_wconf 89' lang='lat' dir='ltr'><strong>quos</strong></span> <span class='ocrx_word' id='word_1_88' title='bbox 3667 1655 3818 1753; x_wconf 87' lang='lat' dir='ltr'><strong>ipse</strong></span> <span class='ocrx_word' id='word_1_89' title='bbox 3861 1675 4118 1752; x_wconf 89' lang='lat' dir='ltr'><strong>paucos</strong></span> 
     </span>
     <span class='ocr_line' id='line_1_10' title="bbox 1072 1760 4120 1875; baseline -0.001 -30"><span class='ocrx_word' id='word_1_90' title='bbox 1072 1780 1233 1845; x_wconf 89' lang='lat' dir='ltr'><strong>ante</strong></span> <span class='ocrx_word' id='word_1_91' title='bbox 1298 1773 1425 1846; x_wconf 91' lang='lat' dir='ltr'><strong>hos</strong></span> <span class='ocrx_word' id='word_1_92' title='bbox 1490 1794 1763 1847; x_wconf 89' lang='lat' dir='ltr'><strong>menses</strong></span> <span class='ocrx_word' id='word_1_93' title='bbox 1812 1774 2023 1849; x_wconf 91' lang='lat' dir='ltr'><strong>buius</strong></span> <span class='ocrx_word' id='word_1_94' title='bbox 2070 1776 2488 1853; x_wconf 87' lang='lat' dir='ltr'><strong>Academiae</strong></span> <span class='ocrx_word' id='word_1_95' title='bbox 2538 1767 2866 1853; x_wconf 83' lang='lat' dir='ltr'><strong>alumnus</strong></span> <span class='ocrx_word' id='word_1_96' title='bbox 2923 1760 3414 1875; x_wconf 61' lang='lat' dir='ltr'><strong>suspiciebam.</strong></span> <span class='ocrx_word' id='word_1_97' title='bbox 3436 1782 3506 1850; x_wconf 92' lang='lat' dir='ltr'><strong>et</strong></span> <span class='ocrx_word' id='word_1_98' title='bbox 3556 1773 3914 1849; x_wconf 80' lang='lat' dir='ltr'><strong>reverebar</strong></span> <span class='ocrx_word' id='word_1_99' title='bbox 3935 1830 3956 1861; x_wconf 91' lang='lat'>‚</span> <span class='ocrx_word' id='word_1_100' title='bbox 4007 1795 4120 1845; x_wconf 89' lang='lat' dir='ltr'><strong>me</strong></span> 
     </span>
     <span class='ocr_line' id='line_1_11' title="bbox 1071 1889 4118 1996; baseline 0 -31"><span class='ocrx_word' id='word_1_101' title='bbox 1071 1892 1323 1965; x_wconf 83' lang='lat' dir='ltr'><strong>talium</strong></span> <span class='ocrx_word' id='word_1_102' title='bbox 1366 1891 1667 1965; x_wconf 91' lang='lat' dir='ltr'><strong>virorum</strong></span> <span class='ocrx_word' id='word_1_103' title='bbox 1712 1893 1938 1967; x_wconf 92' lang='lat' dir='ltr'><strong>ordini</strong></span> <span class='ocrx_word' id='word_1_104' title='bbox 1982 1894 2406 1996; x_wconf 88' lang='lat' dir='ltr'><strong>adscriptum</strong></span> <span class='ocrx_word' id='word_1_105' title='bbox 2459 1922 2609 1972; x_wconf 88' lang='lat' dir='ltr'><strong>esse</strong></span> <span class='ocrx_word' id='word_1_106' title='bbox 2629 1956 2648 1986; x_wconf 93' lang='lat'>,</span> <span class='ocrx_word' id='word_1_107' title='bbox 2698 1897 3071 1972; x_wconf 90' lang='lat' dir='ltr'><strong>ridiculum</strong></span> <span class='ocrx_word' id='word_1_108' title='bbox 3118 1920 3338 1995; x_wconf 89' lang='lat' dir='ltr'><strong>paene</strong></span> <span class='ocrx_word' id='word_1_109' title='bbox 3388 1896 3562 1970; x_wconf 89' lang='lat' dir='ltr'><strong>mihi</strong></span> <span class='ocrx_word' id='word_1_110' title='bbox 3609 1894 3900 1968; x_wconf 90' lang='lat' dir='ltr'><strong>videtur.</strong></span> <span class='ocrx_word' id='word_1_111' title='bbox 3981 1889 4118 1965; x_wconf 90' lang='lat' dir='ltr'><strong>Ve-</strong></span> 
     </span>
     <span class='ocr_line' id='line_1_12' title="bbox 1073 2011 4122 2113; baseline 0 -31"><span class='ocrx_word' id='word_1_112' title='bbox 1073 2033 1235 2083; x_wconf 92' lang='lat' dir='ltr'><strong>rum</strong></span> <span class='ocrx_word' id='word_1_113' title='bbox 1297 2018 1605 2084; x_wconf 88' lang='lat' dir='ltr'><strong>mentem</strong></span> <span class='ocrx_word' id='word_1_114' title='bbox 1672 2011 1874 2110; x_wconf 87' lang='lat' dir='ltr'><strong>erigit</strong></span> <span class='ocrx_word' id='word_1_115' title='bbox 1936 2014 2316 2089; x_wconf 86' lang='lat' dir='ltr'><strong>recordatio</strong></span> <span class='ocrx_word' id='word_1_116' title='bbox 2383 2013 2902 2089; x_wconf 87' lang='lat' dir='ltr'><strong>benevolentiae</strong></span> <span class='ocrx_word' id='word_1_117' title='bbox 2925 2071 2944 2101; x_wconf 93' lang='lat'>‚</span> <span class='ocrx_word' id='word_1_118' title='bbox 3016 2038 3229 2112; x_wconf 91' lang='lat' dir='ltr'><strong>quam</strong></span> <span class='ocrx_word' id='word_1_119' title='bbox 3297 2016 3517 2113; x_wconf 84' lang='lat' dir='ltr'><strong>quum</strong></span> <span class='ocrx_word' id='word_1_120' title='bbox 3579 2024 3783 2089; x_wconf 83' lang='lat' dir='ltr'><strong>antea</strong></span> <span class='ocrx_word' id='word_1_121' title='bbox 3853 2034 4122 2109; x_wconf 82' lang='lat' dir='ltr'><strong>semper</strong></span> 
     </span>
     <span class='ocr_line' id='line_1_13' title="bbox 1078 2126 4123 2231; baseline -0.001 -29"><span class='ocrx_word' id='word_1_122' title='bbox 1078 2152 1243 2227; x_wconf 90' lang='lat' dir='ltr'><strong>erga</strong></span> <span class='ocrx_word' id='word_1_123' title='bbox 1290 2154 1403 2203; x_wconf 90' lang='lat' dir='ltr'><strong>me</strong></span> <span class='ocrx_word' id='word_1_124' title='bbox 1456 2129 1835 2204; x_wconf 89' lang='lat' dir='ltr'><strong>habueritis</strong></span> <span class='ocrx_word' id='word_1_125' title='bbox 1856 2189 1875 2219; x_wconf 94' lang='lat'>‚</span> <span class='ocrx_word' id='word_1_126' title='bbox 1940 2138 2096 2205; x_wconf 90' lang='lat' dir='ltr'><strong>tum</strong></span> <span class='ocrx_word' id='word_1_127' title='bbox 2150 2126 2372 2231; x_wconf 86' lang='lat' dir='ltr'><strong>nuper</strong></span> <span class='ocrx_word' id='word_1_128' title='bbox 2418 2131 2672 2205; x_wconf 87' lang='lat' dir='ltr'><strong>illustri</strong></span> <span class='ocrx_word' id='word_1_129' title='bbox 2721 2129 3122 2205; x_wconf 86' lang='lat' dir='ltr'><strong>ostendistis</strong></span> <span class='ocrx_word' id='word_1_130' title='bbox 3164 2132 3580 2206; x_wconf 90' lang='lat' dir='ltr'><strong>documento</strong></span> <span class='ocrx_word' id='word_1_131' title='bbox 3598 2189 3618 2220; x_wconf 94' lang='lat'><em>‚</em></span> <span class='ocrx_word' id='word_1_132' title='bbox 3651 2153 3893 2229; x_wconf 77' lang='lat' dir='ltr'><strong>quum</strong></span> <span class='ocrx_word' id='word_1_133' title='bbox 3935 2151 4123 2201; x_wconf 92' lang='lat' dir='ltr'><strong>sum-</strong></span> 
     </span>
     <span class='ocr_line' id='line_1_14' title="bbox 1074 2248 4117 2353; baseline -0 -31"><span class='ocrx_word' id='word_1_134' title='bbox 1074 2273 1227 2323; x_wconf 87' lang='lat' dir='ltr'><strong>mos</strong></span> <span class='ocrx_word' id='word_1_135' title='bbox 1275 2249 1349 2322; x_wconf 92' lang='lat' dir='ltr'><strong>in</strong></span> <span class='ocrx_word' id='word_1_136' title='bbox 1394 2250 1837 2350; x_wconf 87' lang='lat' dir='ltr'><strong>Philosophia</strong></span> <span class='ocrx_word' id='word_1_137' title='bbox 1882 2251 2282 2327; x_wconf 84' lang='lat' dir='ltr'><strong>Theoretica</strong></span> <span class='ocrx_word' id='word_1_138' title='bbox 2328 2260 2404 2353; x_wconf 84' lang='lat' dir='ltr'><strong>et</strong></span> <span class='ocrx_word' id='word_1_139' title='bbox 2435 2251 2688 2327; x_wconf 91' lang='lat' dir='ltr'><strong>Literis</strong></span> <span class='ocrx_word' id='word_1_140' title='bbox 2733 2250 3289 2325; x_wconf 89' lang='lat' dir='ltr'><strong>Humanioribus</strong></span> <span class='ocrx_word' id='word_1_141' title='bbox 3322 2252 3630 2335; x_wconf 59' lang='lat' dir='ltr'><strong>„honores</strong></span> <span class='ocrx_word' id='word_1_142' title='bbox 3669 2248 3920 2324; x_wconf 90' lang='lat' dir='ltr'><strong>Vestro</strong></span> <span class='ocrx_word' id='word_1_143' title='bbox 3956 2272 4117 2323; x_wconf 89' lang='lat' dir='ltr'><strong>con-</strong></span> 
     </span>
     <span class='ocr_line' id='line_1_15' title="bbox 1076 2365 4126 2468; baseline -0.001 -26"><span class='ocrx_word' id='word_1_144' title='bbox 1076 2392 1287 2443; x_wconf 89' lang='lat' dir='ltr'><strong>sensu</strong></span> <span class='ocrx_word' id='word_1_145' title='bbox 1350 2369 1424 2443; x_wconf 88' lang='lat' dir='ltr'><strong>in</strong></span> <span class='ocrx_word' id='word_1_146' title='bbox 1497 2395 1611 2445; x_wconf 89' lang='lat' dir='ltr'><strong>me</strong></span> <span class='ocrx_word' id='word_1_147' title='bbox 1636 2388 1645 2397; x_wconf 85' lang='grc'><em>·</em></span> <span class='ocrx_word' id='word_1_148' title='bbox 1674 2370 2105 2447; x_wconf 87' lang='lat' dir='ltr'><strong>deferebatis.</strong></span> <span class='ocrx_word' id='word_1_149' title='bbox 2212 2370 2535 2447; x_wconf 86' lang='lat' dir='ltr'><strong>Quorum</strong></span> <span class='ocrx_word' id='word_1_150' title='bbox 2588 2369 2873 2468; x_wconf 91' lang='lat' dir='ltr'><strong>quidem</strong></span> <span class='ocrx_word' id='word_1_151' title='bbox 2937 2368 3429 2444; x_wconf 88' lang='lat' dir='ltr'><strong>beneficiorum</strong></span> <span class='ocrx_word' id='word_1_152' title='bbox 3498 2369 3831 2445; x_wconf 89' lang='lat' dir='ltr'><strong>memoria</strong></span> <span class='ocrx_word' id='word_1_153' title='bbox 3893 2365 4126 2445; x_wconf 89' lang='lat' dir='ltr'><strong>animo</strong></span> 
     </span>
     <span class='ocr_line' id='line_1_16' title="bbox 1070 2488 4126 2589; baseline -0.001 -26"><span class='ocrx_word' id='word_1_154' title='bbox 1070 2513 1227 2565; x_wconf 84' lang='lat' dir='ltr'><strong>meo</strong></span> <span class='ocrx_word' id='word_1_155' title='bbox 1284 2514 1672 2588; x_wconf 86' lang='lat' dir='ltr'><strong>numquam</strong></span> <span class='ocrx_word' id='word_1_156' title='bbox 1736 2491 2044 2579; x_wconf 86' lang='lat' dir='ltr'><strong>excidet;</strong></span> <span class='ocrx_word' id='word_1_157' title='bbox 2110 2490 2704 2589; x_wconf 88' lang='lat' dir='ltr'><strong>quemadmodum</strong></span> <span class='ocrx_word' id='word_1_158' title='bbox 2763 2491 3182 2565; x_wconf 88' lang='lat' dir='ltr'><strong>reverentiae</strong></span> <span class='ocrx_word' id='word_1_159' title='bbox 3204 2549 3223 2578; x_wconf 91' lang='lat'>,</span> <span class='ocrx_word' id='word_1_160' title='bbox 3285 2514 3499 2589; x_wconf 87' lang='lat' dir='ltr'><strong>quam</strong></span> <span class='ocrx_word' id='word_1_161' title='bbox 3542 2488 3762 2563; x_wconf 88' lang='lat' dir='ltr'><strong>Vobis</strong></span> <span class='ocrx_word' id='word_1_162' title='bbox 3782 2547 3801 2577; x_wconf 93' lang='lat'>,</span> <span class='ocrx_word' id='word_1_163' title='bbox 3851 2492 4126 2562; x_wconf 90' lang='lat' dir='ltr'><strong>mutato</strong></span> 
     </span>
     <span class='ocr_line' id='line_1_17' title="bbox 1073 2608 4128 2709; baseline -0.002 -25"><span class='ocrx_word' id='word_1_164' title='bbox 1073 2610 1391 2708; x_wconf 91' lang='lat' dir='ltr'><strong>quamvis</strong></span> <span class='ocrx_word' id='word_1_165' title='bbox 1436 2611 1719 2685; x_wconf 88' lang='lat' dir='ltr'><strong>nomine</strong></span> <span class='ocrx_word' id='word_1_166' title='bbox 1739 2669 1759 2698; x_wconf 90' lang='lat'><em>,</em></span> <span class='ocrx_word' id='word_1_167' title='bbox 1810 2610 2063 2685; x_wconf 88' lang='lat' dir='ltr'><strong>debere</strong></span> <span class='ocrx_word' id='word_1_168' title='bbox 2108 2635 2223 2685; x_wconf 87' lang='lat' dir='ltr'><strong>me</strong></span> <span class='ocrx_word' id='word_1_169' title='bbox 2268 2610 2490 2685; x_wconf 91' lang='lat' dir='ltr'><strong>sentio</strong></span> <span class='ocrx_word' id='word_1_170' title='bbox 2509 2668 2530 2700; x_wconf 88' lang='lat'><em>,</em></span> <span class='ocrx_word' id='word_1_171' title='bbox 2580 2633 2967 2709; x_wconf 87' lang='lat' dir='ltr'><strong>numquam</strong></span> <span class='ocrx_word' id='word_1_172' title='bbox 3016 2609 3384 2685; x_wconf 87' lang='lat' dir='ltr'><strong>defuturus</strong></span> <span class='ocrx_word' id='word_1_173' title='bbox 3429 2633 3606 2683; x_wconf 91' lang='lat' dir='ltr'><strong>sum.</strong></span> <span class='ocrx_word' id='word_1_174' title='bbox 3709 2608 3854 2681; x_wconf 87' lang='lat' dir='ltr'><strong>Vos</strong></span> <span class='ocrx_word' id='word_1_175' title='bbox 3889 2613 4128 2683; x_wconf 86' lang='lat' dir='ltr'><strong>autem</strong></span> 
     </span>
     <span class='ocr_line' id='line_1_18' title="bbox 1076 2728 4130 2828; baseline -0.001 -25"><span class='ocrx_word' id='word_1_176' title='bbox 1076 2728 1393 2803; x_wconf 88' lang='lat' dir='ltr'><strong>eamdem</strong></span> <span class='ocrx_word' id='word_1_177' title='bbox 1452 2729 1629 2803; x_wconf 88' lang='lat' dir='ltr'><strong>mihi</strong></span> <span class='ocrx_word' id='word_1_178' title='bbox 1694 2730 1768 2802; x_wconf 92' lang='lat' dir='ltr'><strong>in</strong></span> <span class='ocrx_word' id='word_1_179' title='bbox 1827 2736 2188 2828; x_wconf 89' lang='lat' dir='ltr'><strong>posterum</strong></span> <span class='ocrx_word' id='word_1_180' title='bbox 2258 2730 2541 2806; x_wconf 88' lang='lat' dir='ltr'><strong>servetis</strong></span> <span class='ocrx_word' id='word_1_181' title='bbox 2602 2730 2896 2805; x_wconf 86' lang='lat' dir='ltr'><strong>amicam</strong></span> <span class='ocrx_word' id='word_1_182' title='bbox 2956 2730 3380 2805; x_wconf 88' lang='lat' dir='ltr'><strong>voluntatem</strong></span> <span class='ocrx_word' id='word_1_183' title='bbox 3397 2786 3418 2818; x_wconf 91' lang='lat'><em>,</em></span> <span class='ocrx_word' id='word_1_184' title='bbox 3491 2753 3704 2826; x_wconf 89' lang='lat' dir='ltr'><strong>quam</strong></span> <span class='ocrx_word' id='word_1_185' title='bbox 3765 2728 4130 2827; x_wconf 88' lang='lat' dir='ltr'><strong>hucusque</strong></span> 
     </span>
     <span class='ocr_line' id='line_1_19' title="bbox 1080 2847 1684 2923; baseline 0.003 -2"><span class='ocrx_word' id='word_1_186' title='bbox 1080 2847 1257 2922; x_wconf 88' lang='lat' dir='ltr'><strong>mihi</strong></span> <span class='ocrx_word' id='word_1_187' title='bbox 1303 2848 1684 2923; x_wconf 74' lang='lat' dir='ltr'><strong>habuistis!</strong></span> 
     </span>
    </p>

    <p class='ocr_par' dir='ltr' id='par_1_6' title="bbox 1070 2966 4134 3550">
     <span class='ocr_line' id='line_1_20' title="bbox 1178 2966 4130 3070; baseline -0.003 -23"><span class='ocrx_word' id='word_1_188' title='bbox 1178 2968 1392 3047; x_wconf 84' lang='lat' dir='ltr'><strong>Quod</strong></span> <span class='ocrx_word' id='word_1_189' title='bbox 1430 2968 1652 3044; x_wconf 88' lang='lat' dir='ltr'><strong>Vobis</strong></span> <span class='ocrx_word' id='word_1_190' title='bbox 1690 2972 2095 3070; x_wconf 89' lang='lat' dir='ltr'><strong>praesertim</strong></span> <span class='ocrx_word' id='word_1_191' title='bbox 2134 2973 2403 3050; x_wconf 90' lang='lat' dir='ltr'><strong>dictum</strong></span> <span class='ocrx_word' id='word_1_192' title='bbox 2445 2998 2594 3049; x_wconf 88' lang='lat' dir='ltr'><strong>esse</strong></span> <span class='ocrx_word' id='word_1_193' title='bbox 2641 2972 2828 3062; x_wconf 90' lang='lat' dir='ltr'><strong>volo,</strong></span> <span class='ocrx_word' id='word_1_194' title='bbox 2881 2972 3387 3048; x_wconf 88' lang='lat' dir='ltr'><strong>Clarissimi</strong></span> <span class='ocrx_word' id='word_1_195' title='bbox 3432 2971 3520 3047; x_wconf 92' lang='lat' dir='ltr'><strong>in</strong></span> <span class='ocrx_word' id='word_1_196' title='bbox 3564 2969 3895 3046; x_wconf 87' lang='lat' dir='ltr'><strong>Ordine</strong></span> <span class='ocrx_word' id='word_1_197' title='bbox 3937 2966 4130 3042; x_wconf 89' lang='lat' dir='ltr'><strong>Phi-</strong></span> 
     </span>
     <span class='ocr_line' id='line_1_21' title="bbox 1072 3085 4133 3193; baseline -0 -30"><span class='ocrx_word' id='word_1_198' title='bbox 1072 3089 1564 3189; x_wconf 88' lang='lat' dir='ltr'><strong>lologorum</strong></span> <span class='ocrx_word' id='word_1_199' title='bbox 1616 3092 2291 3182; x_wconf 87' lang='lat' dir='ltr'><strong>Antecessores,</strong></span> <span class='ocrx_word' id='word_1_200' title='bbox 2341 3093 2601 3193; x_wconf 89' lang='lat' dir='ltr'><strong>quibus</strong></span> <span class='ocrx_word' id='word_1_201' title='bbox 2639 3117 2780 3168; x_wconf 91' lang='lat' dir='ltr'><strong>non</strong></span> <span class='ocrx_word' id='word_1_202' title='bbox 2819 3117 2960 3167; x_wconf 91' lang='lat' dir='ltr'><strong>uno</strong></span> <span class='ocrx_word' id='word_1_203' title='bbox 3003 3093 3284 3167; x_wconf 91' lang='lat' dir='ltr'><strong>nomine</strong></span> <span class='ocrx_word' id='word_1_204' title='bbox 3308 3093 3719 3167; x_wconf 89' lang='lat' dir='ltr'><strong>obstrictum</strong></span> <span class='ocrx_word' id='word_1_205' title='bbox 3745 3114 3860 3163; x_wconf 88' lang='lat' dir='ltr'><strong>me</strong></span> <span class='ocrx_word' id='word_1_206' title='bbox 3885 3085 4133 3162; x_wconf 80' lang='lat' dir='ltr'><strong>sentio,</strong></span> 
     </span>
     <span class='ocr_line' id='line_1_22' title="bbox 1070 3205 4134 3314; baseline -0.002 -31"><span class='ocrx_word' id='word_1_207' title='bbox 1070 3209 1257 3284; x_wconf 88' lang='lat' dir='ltr'><strong>Meis</strong></span> <span class='ocrx_word' id='word_1_208' title='bbox 1318 3209 1647 3285; x_wconf 89' lang='lat' dir='ltr'><strong>laudibus</strong></span> <span class='ocrx_word' id='word_1_209' title='bbox 1717 3211 1877 3286; x_wconf 91' lang='lat' dir='ltr'><strong>licet</strong></span> <span class='ocrx_word' id='word_1_210' title='bbox 1940 3237 2081 3288; x_wconf 93' lang='lat' dir='ltr'><strong>non</strong></span> <span class='ocrx_word' id='word_1_211' title='bbox 2132 3214 2541 3313; x_wconf 76' lang='lat' dir='ltr'><strong>indigeatiS,</strong></span> <span class='ocrx_word' id='word_1_212' title='bbox 2605 3213 2729 3314; x_wconf 91' lang='lat' dir='ltr'><strong>qui</strong></span> <span class='ocrx_word' id='word_1_213' title='bbox 2793 3213 3042 3288; x_wconf 89' lang='lat' dir='ltr'><strong>Vestra</strong></span> <span class='ocrx_word' id='word_1_214' title='bbox 3103 3219 3366 3286; x_wconf 87' lang='lat' dir='ltr'><strong>taceam</strong></span> <span class='ocrx_word' id='word_1_215' title='bbox 3431 3235 3596 3308; x_wconf 87' lang='lat' dir='ltr'><strong>erga</strong></span> <span class='ocrx_word' id='word_1_216' title='bbox 3660 3233 3774 3282; x_wconf 88' lang='lat' dir='ltr'><strong>me</strong></span> <span class='ocrx_word' id='word_1_217' title='bbox 3829 3206 4076 3280; x_wconf 88' lang='lat' dir='ltr'><strong>merita</strong></span> <span class='ocrx_word' id='word_1_218' title='bbox 4095 3205 4134 3277; x_wconf 74' lang='grc' dir='ltr'>Ρ</span> 
     </span>
     <span class='ocr_line' id='line_1_23' title="bbox 1074 3325 4134 3430; baseline -0.001 -30"><span class='ocrx_word' id='word_1_219' title='bbox 1074 3329 1220 3402; x_wconf 92' lang='lat' dir='ltr'><strong>Vos</strong></span> <span class='ocrx_word' id='word_1_220' title='bbox 1270 3330 1571 3430; x_wconf 89' lang='lat' dir='ltr'><strong>optimos</strong></span> <span class='ocrx_word' id='word_1_221' title='bbox 1618 3330 1834 3405; x_wconf 90' lang='lat' dir='ltr'><strong>habui</strong></span> <span class='ocrx_word' id='word_1_222' title='bbox 1888 3340 2045 3407; x_wconf 89' lang='lat' dir='ltr'><strong>tum</strong></span> <span class='ocrx_word' id='word_1_223' title='bbox 2092 3335 2165 3408; x_wconf 92' lang='lat' dir='ltr'><strong>in</strong></span> <span class='ocrx_word' id='word_1_224' title='bbox 2216 3333 2500 3407; x_wconf 88' lang='lat' dir='ltr'><strong>Graecis</strong></span> <span class='ocrx_word' id='word_1_225' title='bbox 2549 3340 2621 3406; x_wconf 89' lang='lat' dir='ltr'><strong>et</strong></span> <span class='ocrx_word' id='word_1_226' title='bbox 2667 3332 2938 3406; x_wconf 89' lang='lat' dir='ltr'><strong>Latinis</strong></span> <span class='ocrx_word' id='word_1_227' title='bbox 2959 3390 2980 3422; x_wconf 87' lang='lat'><em>,</em></span> <span class='ocrx_word' id='word_1_228' title='bbox 3038 3339 3194 3405; x_wconf 88' lang='lat' dir='ltr'><strong>tum</strong></span> <span class='ocrx_word' id='word_1_229' title='bbox 3260 3331 3334 3403; x_wconf 90' lang='lat' dir='ltr'><strong>in</strong></span> <span class='ocrx_word' id='word_1_230' title='bbox 3385 3327 3858 3404; x_wconf 87' lang='lat' dir='ltr'><strong>Orientalibus</strong></span> <span class='ocrx_word' id='word_1_231' title='bbox 3914 3325 4134 3400; x_wconf 86' lang='lat' dir='ltr'><strong>literis</strong></span> 
     </span>
     <span class='ocr_line' id='line_1_24' title="bbox 1072 3443 4134 3550; baseline -0.002 -28"><span class='ocrx_word' id='word_1_232' title='bbox 1072 3455 1589 3548; x_wconf 90' lang='lat' dir='ltr'><strong>praeceptores;</strong></span> <span class='ocrx_word' id='word_1_233' title='bbox 1639 3449 1785 3522; x_wconf 92' lang='lat' dir='ltr'><strong>Vos</strong></span> <span class='ocrx_word' id='word_1_234' title='bbox 1834 3450 1925 3525; x_wconf 90' lang='lat' dir='ltr'><strong>ab</strong></span> <span class='ocrx_word' id='word_1_235' title='bbox 1977 3452 2178 3526; x_wconf 91' lang='lat' dir='ltr'><strong>initio</strong></span> <span class='ocrx_word' id='word_1_236' title='bbox 2218 3451 2554 3549; x_wconf 87' lang='lat' dir='ltr'><strong>singulari</strong></span> <span class='ocrx_word' id='word_1_237' title='bbox 2593 3476 2708 3524; x_wconf 88' lang='lat' dir='ltr'><strong>me</strong></span> <span class='ocrx_word' id='word_1_238' title='bbox 2745 3449 3112 3550; x_wconf 83' lang='lat' dir='ltr'><strong>excepistis</strong></span> <span class='ocrx_word' id='word_1_239' title='bbox 3157 3447 3671 3535; x_wconf 89' lang='lat' dir='ltr'><strong>benevolentia;</strong></span> <span class='ocrx_word' id='word_1_240' title='bbox 3723 3445 3868 3520; x_wconf 91' lang='lat' dir='ltr'><strong>Vos</strong></span> <span class='ocrx_word' id='word_1_241' title='bbox 3915 3443 4134 3520; x_wconf 90' lang='lat' dir='ltr'><strong>animi</strong></span> 
     </span>
    </p>
   </div>
   <div class='ocr_carea' id='block_1_5' title="bbox 930 3564 4132 3668">
    <p class='ocr_par' dir='ltr' id='par_1_7' title="bbox 930 3564 4132 3668">
     <span class='ocr_line' id='line_1_25' title="bbox 930 3564 4132 3668; baseline -0.001 -27"><span class='ocrx_word' id='word_1_242' title='bbox 930 3643 939 3656; x_wconf 70' lang='grc'><strong><em>,</em></strong></span> <span class='ocrx_word' id='word_1_243' title='bbox 1074 3567 1217 3640; x_wconf 91' lang='lat' dir='ltr'><strong>mei</strong></span> <span class='ocrx_word' id='word_1_244' title='bbox 1272 3568 1590 3642; x_wconf 90' lang='lat' dir='ltr'><strong>ardorem</strong></span> <span class='ocrx_word' id='word_1_245' title='bbox 1639 3567 1821 3642; x_wconf 90' lang='lat' dir='ltr'><strong>alere</strong></span> <span class='ocrx_word' id='word_1_246' title='bbox 1842 3626 1864 3656; x_wconf 89' lang='lat'>‚</span> <span class='ocrx_word' id='word_1_247' title='bbox 1930 3568 2221 3644; x_wconf 89' lang='lat' dir='ltr'><strong>ulterius</strong></span> <span class='ocrx_word' id='word_1_248' title='bbox 2270 3571 2668 3668; x_wconf 89' lang='lat' dir='ltr'><strong>properanti</strong></span> <span class='ocrx_word' id='word_1_249' title='bbox 2719 3570 2940 3646; x_wconf 86' lang='lat' dir='ltr'><strong>calcar</strong></span> <span class='ocrx_word' id='word_1_250' title='bbox 2989 3569 3242 3643; x_wconf 88' lang='lat' dir='ltr'><strong>addere</strong></span> <span class='ocrx_word' id='word_1_251' title='bbox 3289 3592 3429 3641; x_wconf 92' lang='lat' dir='ltr'><strong>non</strong></span> <span class='ocrx_word' id='word_1_252' title='bbox 3477 3567 3817 3654; x_wconf 89' lang='lat' dir='ltr'><strong>desiistis;</strong></span> <span class='ocrx_word' id='word_1_253' title='bbox 3879 3564 4132 3638; x_wconf 85' lang='lat' dir='ltr'><strong>Vestro</strong></span> 
     </span>
    </p>
   </div>
   <div class='ocr_carea' id='block_1_6' title="bbox 1072 3683 4132 4384">
    <p class='ocr_par' dir='ltr' id='par_1_8' title="bbox 1072 3683 4132 4384">
     <span class='ocr_line' id='line_1_26' title="bbox 1076 3683 4128 3789; baseline -0 -33"><span class='ocrx_word' id='word_1_254' title='bbox 1076 3684 1379 3783; x_wconf 92' lang='lat' dir='ltr'><strong>denique</strong></span> <span class='ocrx_word' id='word_1_255' title='bbox 1447 3684 1721 3760; x_wconf 89' lang='lat' dir='ltr'><strong>decreto</strong></span> <span class='ocrx_word' id='word_1_256' title='bbox 1779 3686 2071 3762; x_wconf 90' lang='lat' dir='ltr'><strong>honores</strong></span> <span class='ocrx_word' id='word_1_257' title='bbox 2091 3746 2112 3776; x_wconf 91' lang='lat'>‚</span> <span class='ocrx_word' id='word_1_258' title='bbox 2175 3688 2434 3786; x_wconf 89' lang='lat' dir='ltr'><strong>quibus</strong></span> <span class='ocrx_word' id='word_1_259' title='bbox 2483 3688 2880 3789; x_wconf 87' lang='lat' dir='ltr'><strong>nuperrime</strong></span> <span class='ocrx_word' id='word_1_260' title='bbox 2931 3695 3216 3763; x_wconf 90' lang='lat' dir='ltr'><strong>ornatus</strong></span> <span class='ocrx_word' id='word_1_261' title='bbox 3269 3711 3426 3761; x_wconf 92' lang='lat' dir='ltr'><strong>sum</strong></span> <span class='ocrx_word' id='word_1_262' title='bbox 3451 3745 3470 3775; x_wconf 93' lang='lat'>,</span> <span class='ocrx_word' id='word_1_263' title='bbox 3520 3692 3838 3785; x_wconf 87' lang='lat' dir='ltr'><strong>acceptos</strong></span> <span class='ocrx_word' id='word_1_264' title='bbox 3887 3683 4128 3759; x_wconf 83' lang='lat' dir='ltr'><strong>refem.</strong></span> 
     </span>
     <span class='ocr_line' id='line_1_27' title="bbox 1074 3804 4130 3906; baseline -0.001 -29"><span class='ocrx_word' id='word_1_265' title='bbox 1074 3805 1315 3901; x_wconf 85' lang='lat' dir='ltr'><strong>Atque</strong></span> <span class='ocrx_word' id='word_1_266' title='bbox 1378 3804 1547 3878; x_wconf 88' lang='lat' dir='ltr'><strong>haec</strong></span> <span class='ocrx_word' id='word_1_267' title='bbox 1603 3805 1889 3902; x_wconf 91' lang='lat' dir='ltr'><strong>quidem</strong></span> <span class='ocrx_word' id='word_1_268' title='bbox 1953 3815 2147 3884; x_wconf 89' lang='lat' dir='ltr'><strong>tanta</strong></span> <span class='ocrx_word' id='word_1_269' title='bbox 2208 3817 2374 3884; x_wconf 86' lang='lat' dir='ltr'><strong>sunt</strong></span> <span class='ocrx_word' id='word_1_270' title='bbox 2394 3869 2413 3896; x_wconf 92' lang='lat'><strong>,</strong></span> <span class='ocrx_word' id='word_1_271' title='bbox 2463 3818 2546 3884; x_wconf 91' lang='lat' dir='ltr'><strong>ut</strong></span> <span class='ocrx_word' id='word_1_272' title='bbox 2575 3809 2844 3884; x_wconf 81' lang='lat' dir='ltr'><strong>-merita</strong></span> <span class='ocrx_word' id='word_1_273' title='bbox 2885 3834 3042 3883; x_wconf 90' lang='lat' dir='ltr'><strong>mea</strong></span> <span class='ocrx_word' id='word_1_274' title='bbox 3084 3809 3297 3906; x_wconf 38' lang='lat' dir='ltr'><strong>longe,</strong></span> <span class='ocrx_word' id='word_1_275' title='bbox 3339 3814 3702 3905; x_wconf 89' lang='lat' dir='ltr'><strong>superent:</strong></span> <span class='ocrx_word' id='word_1_276' title='bbox 3756 3827 3998 3879; x_wconf 90' lang='lat' dir='ltr'><strong>verum</strong></span> <span class='ocrx_word' id='word_1_277' title='bbox 4036 3825 4130 3875; x_wconf 87' lang='lat' dir='ltr'><strong>ne</strong></span> 
     </span>
     <span class='ocr_line' id='line_1_28' title="bbox 1073 3921 4130 4024; baseline -0.001 -28"><span class='ocrx_word' id='word_1_278' title='bbox 1073 3924 1149 3996; x_wconf 91' lang='lat' dir='ltr'><strong>in</strong></span> <span class='ocrx_word' id='word_1_279' title='bbox 1220 3923 1573 3999; x_wconf 90' lang='lat' dir='ltr'><strong>hominem</strong></span> <span class='ocrx_word' id='word_1_280' title='bbox 1641 3925 1997 4024; x_wconf 88' lang='lat' dir='ltr'><strong>ingratum</strong></span> <span class='ocrx_word' id='word_1_281' title='bbox 2064 3929 2400 4004; x_wconf 86' lang='lat' dir='ltr'><strong>beneficia</strong></span> <span class='ocrx_word' id='word_1_282' title='bbox 2464 3929 2714 4002; x_wconf 89' lang='lat' dir='ltr'><strong>Vestra</strong></span> <span class='ocrx_word' id='word_1_283' title='bbox 2774 3928 3146 4003; x_wconf 81' lang='lat' dir='ltr'><strong>contulisse</strong></span> <span class='ocrx_word' id='word_1_284' title='bbox 3197 3926 3609 4020; x_wconf 79' lang='lat' dir='ltr'><strong>videamini,</strong></span> <span class='ocrx_word' id='word_1_285' title='bbox 3660 3931 4002 4024; x_wconf 89' lang='lat' dir='ltr'><strong>quantum</strong></span> <span class='ocrx_word' id='word_1_286' title='bbox 4051 3921 4130 3994; x_wconf 91' lang='lat' dir='ltr'><strong>in</strong></span> 
     </span>
     <span class='ocr_line' id='line_1_29' title="bbox 1073 4044 4128 4147; baseline -0.001 -31"><span class='ocrx_word' id='word_1_287' title='bbox 1073 4066 1191 4116; x_wconf 92' lang='lat' dir='ltr'><strong>me</strong></span> <span class='ocrx_word' id='word_1_288' title='bbox 1239 4050 1386 4130; x_wconf 85' lang='lat' dir='ltr'><strong>est,</strong></span> <span class='ocrx_word' id='word_1_289' title='bbox 1453 4045 1715 4119; x_wconf 89' lang='lat' dir='ltr'><strong>efficere</strong></span> <span class='ocrx_word' id='word_1_290' title='bbox 1759 4046 2000 4121; x_wconf 89' lang='lat' dir='ltr'><strong>enitar.</strong></span> <span class='ocrx_word' id='word_1_291' title='bbox 2101 4049 2213 4122; x_wconf 89' lang='lat' dir='ltr'><strong>Ne</strong></span> <span class='ocrx_word' id='word_1_292' title='bbox 2262 4055 2500 4123; x_wconf 88' lang='lat' dir='ltr'><strong>autem</strong></span> <span class='ocrx_word' id='word_1_293' title='bbox 2550 4053 2754 4147; x_wconf 86' lang='lat' dir='ltr'><strong>ae&#39;gre</strong></span> <span class='ocrx_word' id='word_1_294' title='bbox 2798 4047 3031 4122; x_wconf 88' lang='lat' dir='ltr'><strong>feratis</strong></span> <span class='ocrx_word' id='word_1_295' title='bbox 3055 4105 3076 4134; x_wconf 89' lang='lat'>‚</span> <span class='ocrx_word' id='word_1_296' title='bbox 3129 4047 3315 4144; x_wconf 91' lang='lat' dir='ltr'><strong>quod</strong></span> <span class='ocrx_word' id='word_1_297' title='bbox 3337 4105 3356 4132; x_wconf 93' lang='lat'><strong>,</strong></span> <span class='ocrx_word' id='word_1_298' title='bbox 3413 4047 3541 4120; x_wconf 89' lang='lat' dir='ltr'><strong>hac</strong></span> <span class='ocrx_word' id='word_1_299' title='bbox 3587 4044 3751 4119; x_wconf 87' lang='lat' dir='ltr'><strong>data</strong></span> <span class='ocrx_word' id='word_1_300' title='bbox 3797 4047 4128 4141; x_wconf 89' lang='lat' dir='ltr'><strong>opportu-</strong></span> 
     </span>
     <span class='ocr_line' id='line_1_30' title="bbox 1072 4158 4132 4265; baseline -0.002 -30"><span class='ocrx_word' id='word_1_301' title='bbox 1072 4163 1291 4265; x_wconf 86' lang='lat' dir='ltr'><strong>nitate</strong></span> <span class='ocrx_word' id='word_1_302' title='bbox 1312 4220 1333 4250; x_wconf 91' lang='lat'>,</span> <span class='ocrx_word' id='word_1_303' title='bbox 1408 4169 1481 4236; x_wconf 91' lang='lat' dir='ltr'><strong>et</strong></span> <span class='ocrx_word' id='word_1_304' title='bbox 1544 4188 1657 4238; x_wconf 92' lang='lat' dir='ltr'><strong>me</strong></span> <span class='ocrx_word' id='word_1_305' title='bbox 1729 4173 1801 4239; x_wconf 88' lang='lat' dir='ltr'><strong>et</strong></span> <span class='ocrx_word' id='word_1_306' title='bbox 1872 4166 2103 4241; x_wconf 88' lang='lat' dir='ltr'><strong>studia</strong></span> <span class='ocrx_word' id='word_1_307' title='bbox 2175 4191 2333 4242; x_wconf 92' lang='lat' dir='ltr'><strong>mea</strong></span> <span class='ocrx_word' id='word_1_308' title='bbox 2400 4166 2622 4240; x_wconf 90' lang='lat' dir='ltr'><strong>Vobis</strong></span> <span class='ocrx_word' id='word_1_309' title='bbox 2680 4166 3178 4240; x_wconf 88' lang='lat' dir='ltr'><strong>commendem.</strong></span> <span class='ocrx_word' id='word_1_310' title='bbox 3293 4165 3580 4238; x_wconf 90' lang='lat' dir='ltr'><strong>Nemini</strong></span> <span class='ocrx_word' id='word_1_311' title='bbox 3645 4163 3834 4238; x_wconf 89' lang='lat' dir='ltr'><strong>enim</strong></span> <span class='ocrx_word' id='word_1_312' title='bbox 3903 4158 4132 4257; x_wconf 84' lang='lat' dir='ltr'><strong>magis</strong></span> 
     </span>
     <span class='ocr_line' id='line_1_31' title="bbox 1076 4278 4132 4384; baseline -0.002 -28"><span class='ocrx_word' id='word_1_313' title='bbox 1076 4307 1289 4380; x_wconf 91' lang='lat' dir='ltr'><strong>quam</strong></span> <span class='ocrx_word' id='word_1_314' title='bbox 1335 4278 1514 4355; x_wconf 88' lang='lat' dir='ltr'><strong>mihi</strong></span> <span class='ocrx_word' id='word_1_315' title='bbox 1552 4309 1964 4382; x_wconf 88' lang='lat' dir='ltr'><strong>persuasum</strong></span> <span class='ocrx_word' id='word_1_316' title='bbox 2011 4309 2161 4360; x_wconf 90' lang='lat' dir='ltr'><strong>esse</strong></span> <span class='ocrx_word' id='word_1_317' title='bbox 2208 4292 2474 4384; x_wconf 88' lang='lat' dir='ltr'><strong>potest,</strong></span> <span class='ocrx_word' id='word_1_318' title='bbox 2535 4284 2989 4358; x_wconf 86' lang='lat' dir='ltr'><strong>arctissimam</strong></span> <span class='ocrx_word' id='word_1_319' title='bbox 3042 4282 3460 4381; x_wconf 88' lang='lat' dir='ltr'><strong>theologiam</strong></span> <span class='ocrx_word' id='word_1_320' title='bbox 3523 4283 3706 4357; x_wconf 90' lang='lat' dir='ltr'><strong>inter</strong></span> <span class='ocrx_word' id='word_1_321' title='bbox 3760 4288 3832 4355; x_wconf 90' lang='lat' dir='ltr'><strong>et</strong></span> <span class='ocrx_word' id='word_1_322' title='bbox 3894 4279 4132 4352; x_wconf 88' lang='lat' dir='ltr'><strong>literas</strong></span> 
     </span>
    </p>
   </div>
   <div class='ocr_carea' id='block_1_7' title="bbox 950 4393 4130 4500">
    <p class='ocr_par' dir='ltr' id='par_1_9' title="bbox 950 4393 4130 4500">
     <span class='ocr_line' id='line_1_32' title="bbox 950 4393 4130 4500; baseline -0.003 -24"><span class='ocrx_word' id='word_1_323' title='bbox 950 4461 957 4467; x_wconf 89' lang='lat'><strong>.</strong></span> <span class='ocrx_word' id='word_1_324' title='bbox 1072 4401 1515 4476; x_wconf 78' lang='lat' dir='ltr'><strong>humanmres</strong></span> <span class='ocrx_word' id='word_1_325' title='bbox 1578 4403 2001 4480; x_wconf 84' lang='lat' dir='ltr'><strong>intercedere</strong></span> <span class='ocrx_word' id='word_1_326' title='bbox 2043 4404 2665 4480; x_wconf 86' lang='lat' dir='ltr'><strong>necessitudinem:</strong></span> <span class='ocrx_word' id='word_1_327' title='bbox 2727 4427 2954 4500; x_wconf 90' lang='lat' dir='ltr'><strong>neque</strong></span> <span class='ocrx_word' id='word_1_328' title='bbox 3004 4402 3326 4500; x_wconf 85' lang='lat' dir='ltr'><strong>theologo</strong></span> <span class='ocrx_word' id='word_1_329' title='bbox 3369 4401 3562 4476; x_wconf 89' lang='lat' dir='ltr'><strong>aliud</strong></span> <span class='ocrx_word' id='word_1_330' title='bbox 3603 4399 3803 4476; x_wconf 87' lang='lat' dir='ltr'><strong>facile</strong></span> <span class='ocrx_word' id='word_1_331' title='bbox 3854 4393 4130 4496; x_wconf 89' lang='lat' dir='ltr'><strong>optabi-</strong></span> 
     </span>
    </p>
   </div>
   <div class='ocr_carea' id='block_1_8' title="bbox 1074 4519 4131 4856">
    <p class='ocr_par' dir='ltr' id='par_1_10' title="bbox 1074 4519 4131 4856">
     <span class='ocr_line' id='line_1_33' title="bbox 1074 4519 4130 4622; baseline -0.001 -32"><span class='ocrx_word' id='word_1_332' title='bbox 1074 4519 1213 4591; x_wconf 90' lang='lat' dir='ltr'><strong>lius</strong></span> <span class='ocrx_word' id='word_1_333' title='bbox 1269 4526 1408 4606; x_wconf 89' lang='lat' dir='ltr'><strong>est,</strong></span> <span class='ocrx_word' id='word_1_334' title='bbox 1474 4545 1689 4616; x_wconf 89' lang='lat' dir='ltr'><strong>quam</strong></span> <span class='ocrx_word' id='word_1_335' title='bbox 1736 4529 1819 4596; x_wconf 91' lang='lat' dir='ltr'><strong>ut</strong></span> <span class='ocrx_word' id='word_1_336' title='bbox 1864 4548 1953 4597; x_wconf 85' lang='lat' dir='ltr'><strong>ex</strong></span> <span class='ocrx_word' id='word_1_337' title='bbox 2004 4547 2243 4598; x_wconf 89' lang='lat' dir='ltr'><strong>eorum</strong></span> <span class='ocrx_word' id='word_1_338' title='bbox 2259 4582 2279 4613; x_wconf 94' lang='lat'><em>‚</em></span> <span class='ocrx_word' id='word_1_339' title='bbox 2331 4524 2454 4622; x_wconf 89' lang='lat' dir='ltr'><strong>qui</strong></span> <span class='ocrx_word' id='word_1_340' title='bbox 2494 4521 2876 4620; x_wconf 90' lang='lat' dir='ltr'><strong>principem</strong></span> <span class='ocrx_word' id='word_1_341' title='bbox 2915 4520 3097 4595; x_wconf 89' lang='lat' dir='ltr'><strong>inter</strong></span> <span class='ocrx_word' id='word_1_342' title='bbox 3139 4520 3524 4619; x_wconf 87' lang='lat' dir='ltr'><strong>philologos</strong></span> <span class='ocrx_word' id='word_1_343' title='bbox 3571 4519 3804 4593; x_wconf 87' lang='lat' dir='ltr'><strong>locum</strong></span> <span class='ocrx_word' id='word_1_344' title='bbox 3845 4521 4092 4590; x_wconf 89' lang='lat' dir='ltr'><strong>tenent</strong></span> <span class='ocrx_word' id='word_1_345' title='bbox 4107 4571 4130 4600; x_wconf 89' lang='lat'><em>,</em></span> 
     </span>
     <span class='ocr_line' id='line_1_34' title="bbox 1076 4635 4131 4741; baseline -0.001 -31"><span class='ocrx_word' id='word_1_346' title='bbox 1076 4636 1428 4710; x_wconf 89' lang='lat' dir='ltr'><strong>doctrinae</strong></span> <span class='ocrx_word' id='word_1_347' title='bbox 1490 4639 1813 4716; x_wconf 89' lang='lat' dir='ltr'><strong>thesauro</strong></span> <span class='ocrx_word' id='word_1_348' title='bbox 1861 4651 2095 4741; x_wconf 89' lang='lat' dir='ltr'><strong>petere</strong></span> <span class='ocrx_word' id='word_1_349' title='bbox 2140 4644 2276 4718; x_wconf 90' lang='lat' dir='ltr'><strong>sibi</strong></span> <span class='ocrx_word' id='word_1_350' title='bbox 2322 4643 2546 4718; x_wconf 91' lang='lat' dir='ltr'><strong>liceat.</strong></span> <span class='ocrx_word' id='word_1_351' title='bbox 2647 4639 2864 4716; x_wconf 88' lang='lat' dir='ltr'><strong>Hunc</strong></span> <span class='ocrx_word' id='word_1_352' title='bbox 2911 4640 3127 4739; x_wconf 86' lang='lat' dir='ltr'><strong>igitur</strong></span> <span class='ocrx_word' id='word_1_353' title='bbox 3176 4665 3268 4714; x_wconf 92' lang='lat' dir='ltr'><strong>ne</strong></span> <span class='ocrx_word' id='word_1_354' title='bbox 3317 4639 3490 4713; x_wconf 83' lang='lat' dir='ltr'><strong>mihi</strong></span> <span class='ocrx_word' id='word_1_355' title='bbox 3534 4635 3914 4717; x_wconf 87' lang='lat' dir='ltr'><strong>occludatis</strong></span> <span class='ocrx_word' id='word_1_356' title='bbox 3930 4693 3950 4724; x_wconf 90' lang='lat'>‚</span> <span class='ocrx_word' id='word_1_357' title='bbox 4001 4657 4131 4707; x_wconf 86' lang='lat' dir='ltr'><strong>ne-</strong></span> 
     </span>
     <span class='ocr_line' id='line_1_35' title="bbox 1076 4755 3556 4856; baseline 0 -24"><span class='ocrx_word' id='word_1_358' title='bbox 1076 4778 1215 4854; x_wconf 90' lang='lat' dir='ltr'><strong>que</strong></span> <span class='ocrx_word' id='word_1_359' title='bbox 1234 4813 1256 4843; x_wconf 86' lang='lat'>‚</span> <span class='ocrx_word' id='word_1_360' title='bbox 1307 4779 1516 4853; x_wconf 88' lang='lat' dir='ltr'><strong>quam</strong></span> <span class='ocrx_word' id='word_1_361' title='bbox 1558 4758 1843 4856; x_wconf 87' lang='lat' dir='ltr'><strong>plurimi</strong></span> <span class='ocrx_word' id='word_1_362' title='bbox 1886 4759 2099 4850; x_wconf 80' lang='lat' dir='ltr'><strong>faci0;</strong></span> <span class='ocrx_word' id='word_1_363' title='bbox 2148 4759 2524 4837; x_wconf 86' lang='lat' dir='ltr'><strong>amicitiam</strong></span> <span class='ocrx_word' id='word_1_364' title='bbox 2571 4756 2889 4834; x_wconf 87' lang='lat' dir='ltr'><strong>Vestram</strong></span> <span class='ocrx_word' id='word_1_365' title='bbox 2941 4756 3112 4832; x_wconf 90' lang='lat' dir='ltr'><strong>mihi</strong></span> <span class='ocrx_word' id='word_1_366' title='bbox 3163 4755 3556 4854; x_wconf 82' lang='lat' dir='ltr'><strong>denegetis!</strong></span> 
     </span>
    </p>
   </div>
   <div class='ocr_carea' id='block_1_9' title="bbox 4637 0 4643 3138">
    <p class='ocr_par' dir='ltr' id='par_1_11' title="bbox 4637 0 4643 3138">
     <span class='ocr_line' id='line_1_36' title="bbox 4637 0 4643 3138; baseline 0 0"><span class='ocrx_word' id='word_1_367' title='bbox 4637 0 4643 3138; x_wconf 95' lang='lat' dir='ltr'><strong> </strong></span> 
     </span>
    </p>
   </div>
  </div>
 </body>
</html>
