4766 6034
1961 631 2519 702 ORATIO.
3670 633 3755 700 99

809 838 940 916 Est
997 842 1208 918 etiam
1228 897 1250 930 ,
1315 838 1504 938 quod
1555 839 1642 912 de
1691 840 1950 938 patriae
2003 840 2395 916 conditione
2410 901 2429 929 ,
2507 865 2809 940 quacum
2856 841 3275 917 Academiae
3318 841 3461 917 fata
3503 843 3739 918 arctis-

717 960 888 1034 simo
955 962 1196 1037 iuncta
1263 965 1428 1036 sunt
1499 959 1808 1048 vinculo,
1880 985 2298 1060 magnopere
2361 961 2733 1049 laetemur3
2800 987 2965 1038 nam
2988 1022 3007 1050 ,
3078 960 3211 1036 etsi
3259 961 3446 1036 hisce
3494 962 3747 1038 diebus

713 1080 1018 1179 ingenti,
1097 1081 1311 1156 eheu!
1393 1103 1732 1179 aquarum
1795 1079 2128 1155 effusione
2199 1103 2529 1181 magnam
2598 1081 2862 1182 accepit
2926 1081 3389 1180 calamitatem
3410 1137 3431 1168 ,
3510 1089 3745 1156 tamen

713 1201 903 1276 haud
970 1203 1112 1278 scio
1173 1227 1262 1277 an
1337 1202 1479 1280 ulla
1535 1227 1708 1301 gens
1776 1201 1866 1276 sit
1923 1201 2013 1276 ab
2071 1209 2232 1278 ortu
2279 1202 2441 1276 solis
2492 1202 2582 1276 ad
2631 1201 3024 1301 hesperium
3076 1200 3305 1276 cubile
3326 1259 3345 1288 ,
3418 1225 3600 1299 quae
3660 1201 3747 1276 de

713 1319 1038 1396 felicitate
1098 1322 1462 1398 nobiscum
1515 1323 1734 1421 possit
1789 1323 2223 1398 contendere.
2321 1321 2527 1396 Faxit
2572 1328 2859 1421 paterna
2902 1321 3039 1395 Dei
3084 1321 3560 1396 benevolentia
3583 1381 3603 1410 ,
3667 1329 3747 1396 ut

713 1440 842 1515 hoc
909 1465 1190 1541 quoque
1259 1465 1442 1518 anno
1501 1442 1745 1520 eadem
1799 1443 1938 1517 frui
1985 1442 2186 1518 nobis
2237 1441 2595 1540 contingat
2640 1443 3089 1541 prosperitate
3108 1501 3126 1532 ,
3190 1449 3551 1540 cessetque
3598 1441 3743 1518 bel·

711 1559 858 1642 lum
925 1561 1120 1636 istud
1177 1561 1662 1660 gravissimum
1684 1621 1704 1652 ,
1779 1563 1969 1662 quod
2035 1585 2323 1662 regnare
2392 1564 2465 1636 in
2549 1563 2829 1662 Europa
2894 1562 3333 1638 vehementer
3402 1562 3739 1638 dolemus,

709 1678 1084 1766 verissime
1133 1681 1320 1756 enim
1369 1683 1586 1758 Poeta
1633 1684 1898 1760 nullam
1950 1683 2132 1759 bello
2181 1707 2330 1758 esse
2380 1682 2673 1757 salutem
2726 1682 3109 1757 affirmavit.

807 1921 948 1994 Sed
993 1921 1456 1998 Academiam
1505 1929 1965 1998 memorantes
1985 1979 2006 2010 ,
2081 1947 2202 1998 vos
2248 1924 2645 2023 praesertim
2698 1929 2929 1998 mente
2972 1921 3495 2020 complectimur
3510 1979 3529 2008 ,
3598 1921 3749 1996 Viri
3852 1985 3865 1994 .

709 2039 1156 2139 amplissimi!
1229 2041 1490 2140 quibus
1536 2065 1702 2142 cura
1743 2042 1895 2116 eius
1942 2043 2272 2118 mandata
2309 2052 2453 2131 est,
2528 2067 2655 2118 nec
2704 2067 2844 2118 non
2899 2049 2971 2116 te
2989 2101 3009 2130 ,
3081 2042 3205 2140 qui
3250 2041 3387 2116 illis
3436 2040 3525 2115 ab
3577 2043 3748 2117 actis

707 2185 813 2247 es,
877 2160 1004 2234 Vir
1062 2161 1611 2236 consultissime!
1689 2162 2098 2237 Gaudemus
2120 2221 2140 2252 ,
2206 2163 2334 2238 hoc
2400 2187 2584 2238 anno
2642 2164 3034 2238 academico
3098 2188 3138 2236 e
3193 2170 3418 2236 vestro
3466 2187 3746 2262 quoque

703 2281 990 2381 collegio
1039 2281 1128 2356 de
1175 2283 1318 2358 vita
1371 2281 1764 2358 discessisse
1815 2281 2183 2357 neminem.
2286 2284 2473 2358 Nam
2518 2285 2642 2382 qui
2688 2283 2819 2358 sub
2862 2282 3275 2381 magistratu
3322 2307 3479 2356 meo
3524 2307 3562 2356 e
3609 2283 3751 2358 vita

705 2400 1070 2500 migravit,
1143 2394 1550 2478 Iouaunns‘
1579 2404 1986 2478 Gsaannus
2035 2404 2679 2478 Swnnnnucannnn
2702 2462 2721 2492 ,
2792 2403 2881 2480 de
2942 2425 3227 2476 munere
3272 2425 3398 2475 suo
3442 2402 3581 2476 iam
3630 2403 3749 2476 de-

705 2529 1022 2598 cesserat.
1121 2522 1455 2598 Attamen
1501 2522 1574 2596 et
1617 2547 1738 2598 vos
1758 2581 1778 2612 ,
1831 2522 1904 2597 et
1952 2547 2079 2598 nos
2122 2546 2364 2610 omnes
2414 2524 2593 2600 tanti
2639 2547 2803 2601 eum
2854 2522 3179 2612 fecimus,
3232 2527 3311 2596 ut
3355 2522 3446 2597 ad
3486 2547 3747 2598 memo-

705 2641 878 2716 riam
925 2642 1076 2718 eius
1125 2643 1560 2719 recolendam
1601 2643 2220 2743 celebrandamque
2269 2653 2513 2745 sponte
2562 2646 2920 2721 ducamur.
2994 2645 3165 2720 Erat
3204 2642 3389 2718 enim
3434 2641 3537 2716 vir
3554 2700 3573 2730 ,
3626 2645 3749 2742 qui

703 2762 968 2862 ingenii
1023 2763 1380 2862 animique
1402 2821 1422 2852 ,
1479 2761 1739 2862 quibus
1781 2764 2165 2864 gaudebat,
2231 2766 2513 2843 dotibus
2535 2825 2555 2856 ,
2607 2763 2955 2842 alacritate
2977 2823 2999 2856 ,
3058 2759 3463 2840 affabilitate
3483 2823 3503 2854 ,
3558 2788 3744 2840 ama·-

671 2879 973 2957 -bilitate
993 2943 1012 2971 ,
1085 2883 1424 2958 modestia
1446 2941 1465 2972 ,
1537 2883 1832 2960 candore
1849 2941 1869 2974 ,
1927 2885 2185 2985 pietate
2235 2909 2571 2986 magnum
2627 2887 2700 2960 in
2746 2886 3035 2962 modum
3088 2911 3160 2960 se
3206 2885 3745 2960 commendaret.

705 3003 1129 3080 Gravissimo
1194 3003 1550 3082 Curatoris
1619 3028 1907 3080 munere
1970 3003 2254 3080 functus
2314 3012 2423 3081 est
2490 3003 2655 3080 inde
2702 3030 2747 3079 a
2788 3003 2902 3078 die
2949 3005 3043 3077 26
3098 3027 3190 3078 m.
3242 3002 3409 3077 Iulii
3460 3028 3505 3077 a
3558 3005 3745 3077 1819

705 3148 928 3223 usque
999 3126 1092 3201 ad
1163 3126 1351 3201 diem
1413 3132 1500 3201 11
1556 3150 1648 3203 m.
1709 3127 1898 3224 Sept.
1948 3150 1991 3200 a
2050 3128 2236 3202 1847
2262 3185 2283 3214 ,
2346 3133 2559 3225 atque
2610 3125 2783 3200 adeo
2837 3148 2961 3224 per
3006 3130 3161 3198 octo
3205 3129 3277 3196 et
3325 3122 3571 3221 viginti
3624 3148 3746 3197 an-

703 3268 828 3319 nos
846 3304 866 3333 ,
926 3245 1184 3345 diligen
1193 3252 1296 3321 ter
1316 3304 1338 3334 ,
1384 3253 1663 3321 strenue
1684 3303 1703 3334 ,
1758 3245 2109 3345 religiose,
2146 3270 2311 3322 nam
2347 3245 2421 3319 et
2456 3246 2717 3322 litteras
2735 3304 2755 3333 ,
2800 3236 3206 3342 praesertim
3232 3240 3739 3342 philosophiam

703 3364 1086 3439 naturalem
1135 3363 1284 3463 ipse
1325 3364 1644 3453 amabat,
1701 3363 1772 3437 et
1817 3362 2234 3438 Academiae
2273 3370 2547 3439 nostrae
2592 3365 2777 3439 salus
2818 3390 3021 3441 curae
3062 3363 3165 3439 illi
3202 3362 3533 3462 cordique
3572 3372 3738 3439 erat.
3856 3460 3865 3473 Ι

703 3482 1020 3558 Decessit
1091 3484 1308 3584 igitur
1382 3484 1472 3559 de
1545 3506 1831 3559 munere
1847 3538 1866 3569 ,
1943 3480 2133 3579 quod
2197 3480 2671 3580 gratissimum
2718 3483 2821 3558 illi
2875 3490 3023 3558 erat
3070 3482 3703 3580 suavissimumque
3722 3543 3742 3572 ,

683 3602 844 3677 *fere
914 3602 1212 3692 invitus3
1293 3604 1417 3680 sed
1485 3608 1838 3681 senectute
1899 3599 2253 3675 confectus
2273 3660 2293 3689 ,
2355 3601 2919 3701 gravissimisque
2980 3602 3259 3677 casibus
3342 3602 3743 3677 domesticis

704 3720 1036 3810 afflictus,
1095 3746 1318 3821 quum
1373 3723 1700 3810 sentiret,
1759 3746 1834 3796 se
1891 3744 2031 3794 non
2083 3721 2385 3821 amplius
2438 3722 2569 3797 rite
2614 3722 2817 3823 fungi
2861 3748 2942 3798 eo
2991 3748 3231 3824 posse,
3276 3722 3519 3823 ipsius
3540 3748 3739 3823 roga-

704 3847 785 3915 tu
803 3900 822 3929 ,
883 3868 926 3917 a
999 3844 1198 3942 Rege
1257 3843 1754 3943 augustissimo
1814 3842 2182 3917 honorifice
2249 3841 2578 3917 dimissus
2641 3852 2769 3925 est.
2874 3844 3183 3921 Tandem
3231 3842 3319 3919 de
3366 3843 3521 3943 ipsa
3542 3843 3741 3925 ..vitae

706 3960 1002 4035 statione
1078 3962 1408 4037 decessit:
1490 3961 1783 4037 decessit
1862 3972 2096 4037 autem
2165 3986 2388 4061 aequo
2456 3965 2689 4041 animo
2705 4022 2725 4053 ,
2792 3988 3073 4040 omnem
3162 3986 3361 4038 suam
3438 3961 3513 4037 in
3586 3964 3741 4039 Deo

704 4080 1176 4181 Cnmsroque
1217 4104 1555 4182 reponens
1597 4082 1926 4157 fiduciam
1953 4140 1972 4168 ,
2040 4081 2352 4180 abiitque
2396 4081 2488 4157 ad
2530 4080 2706 4157 illud
2760 4084 3075 4158 divinum
3132 4082 3527 4159 animorum
3571 4106 3733 4157 con-

702 4200 936 4276 cilium
985 4208 1401 4302 coetumque
1416 4259 1437 4290 ,
1503 4226 1644 4300 quo
1684 4202 1972 4300 profecti
2010 4202 2152 4275 iam
2195 4209 2392 4276 erant
2442 4200 2513 4275 et
2556 4226 2730 4277 uxor
2746 4261 2765 4292 ,
2788 4264 2793 4269 .
2817 4203 3077 4278 femina
3132 4202 3247 4302 pia
3292 4201 3731 4302 gravissima·

701 4344 842 4419 que
859 4380 878 4411 ,
925 4322 999 4397 et
1041 4322 1231 4398 filius
1277 4322 1672 4397 carissimus
1722 4324 1970 4397 unicus
1988 4381 2009 4412 ,
2063 4321 2138 4397 et
2181 4312 2431 4422 gener,
2482 4344 2693 4420 quem
2738 4323 3025 4399 maximi
3069 4320 3399 4409 faciebat,
3448 4321 3727 4395 intime-

701 4464 838 4540 que
889 4440 1255 4542 diligebat,
1305 4440 1928 4517 desideratissimus
1973 4448 2206 4517 noster
2255 4442 2808 4518 Ronannsms.

797 4680 940 4755 Sed
995 4682 1090 4759 ad
1142 4690 1212 4757 te
1265 4706 1380 4758 me
1441 4689 1796 4771 converto,
1857 4683 2280 4785 amplissime
2337 4706 2432 4757 AB
2478 4680 2889 4757 Hormus!
2954 4704 3163 4780 quem
3210 4680 3401 4781 regio
3450 4682 3726 4755 decreto

701 4800 793 4875 ad
837 4824 1126 4879 vacuam
1171 4802 1586 4879 nobilissimi
1639 4804 1976 4879 Lrnmrm
2021 4828 2068 4879 A
2109 4805 2567 4881 Lunensem
2620 4801 2853 4877 sedem
2890 4801 3363 4902 occupandam
3404 4800 3725 4901 designa-

3108 4925 3198 4995 13
3214 4922 3255 4967 ³*
