4766 6034
1148 584 1233 651 76
2208 588 2285 657 A.
2370 590 3137 657 NIERMEYER

1149 800 1221 868 et
1275 795 1490 869 animi
1549 796 1745 872 dotes
1763 855 1784 887 ,
1842 797 2245 896 gravissima
2288 821 2470 898 quae
2517 798 2858 897 explenda
2911 805 3076 873 sunt
3130 796 3351 874 officia
3369 817 3403 886 3·
3459 796 3756 899 ideoque
3798 798 4030 874 animo
4079 799 4190 874 de-

1090 912 1093 915 ’
1148 914 1375 1004 ficior,
1436 924 1633 991 metu
1696 940 2065 1015 oppressus
2122 944 2213 993 ne
2272 919 2557 994 ferendo
2601 926 2798 994 tanto
2841 920 3032 1019 operi
3070 918 3343 993 humeri
3393 918 3534 992 sint
3580 918 3898 1018 impares,
3997 920 4193 994 Nun-

1150 1060 1364 1134 quam
1424 1036 1746 1135 equidem
1803 1037 1953 1113 leve
2022 1038 2193 1113 duxi
2262 1064 2558 1139 pensum
2576 1096 2596 1127 ,
2661 1039 2848 1138 quod
2891 1039 3068 1113 mihi
3113 1038 3470 1138 Theologo
3519 1038 4004 1119 Ecclesiastico
4057 1046 4194 1113 erat

1154 1156 1601 1232 commissum
1622 1215 1641 1246 ,
1710 1166 1784 1232 at
1848 1158 2007 1259 quis
2065 1167 2315 1259 neget,
2376 1159 2726 1259 Theologo
2793 1159 3212 1235 Academico
3257 1157 3660 1234 incumbere
3707 1158 3930 1234 officia
3979 1158 4196 1232 multo

1148 1276 1459 1375 graviora
1474 1278 1510 1351 Ρ

1242 1396 1548 1486 Verum,
1610 1397 2024 1488 Auditores,
2086 1399 2219 1473 etsi
2291 1398 2525 1475 omnia
2583 1398 2702 1475 illa
2764 1400 3079 1491 animum
3128 1398 3570 1499 deprimunt,
3619 1422 3762 1473 non
3805 1403 4041 1473 tamen
4081 1398 4192 1470 de-

1146 1521 1313 1589 sunt
1372 1515 1631 1615 quibus
1694 1518 1971 1594 animus
2042 1518 2363 1617 erigatur.
2466 1520 2631 1619 Ipsa
2684 1519 2944 1595 Divina
2993 1518 3436 1594 Providentia
3495 1518 3900 1593 moderant-e
3945 1540 4194 1591 novum

1145 1634 1273 1710 hoc
1341 1636 1517 1711 mihi
1575 1638 1882 1773 aperitur
1944 1639 2386 1715 curriculum.
2489 1639 2761 1717 Quidni
2819 1664 2985 1741 ergo
3055 1638 3554 1715 sollicitudines
3606 1662 3797 1711 meas
3845 1635 4192 1711 coniiciam

1100 1758 1107 1773 '
1142 1756 1217 1829 in
1265 1757 1491 1846 Eum,
1543 1758 1669 1857 qui
1715 1779 1988 1833 summo
2033 1783 2300 1848 amore,
2353 1783 2629 1833 summa
2675 1759 3012 1858 sapientia
3059 1784 3170 1834 res
3213 1760 3617 1835 mortalium
3661 1765 3894 1847 curat,
3943 1758 4194 1857 quique

1142 1874 1320 1949 mihi
1377 1876 1739 1976 hucusque
1814 1878 2154 1953 auxilium
2216 1904 2425 1955 suum
2485 1904 2848 1979 nunquam
2920 1880 3256 1980 negavit}>
3334 1880 3606 1958 Quidni
3656 1902 3939 1978 quoque
3989 1878 4190 1953 confi-

1146 1994 1310 2069 dam
1330 2052 1350 2083 ,
1416 1995 1595 2071 viros
1653 1998 1940 2074 eximios
1962 2057 1981 2087 ,
2047 1998 2307 2097 quibus
2364 2000 2630 2101 collega
2692 1999 3063 2075 adiunctus
3121 2024 3279 2074 sum
3299 2059 3319 2089 ‚
3384 1999 3696 2074 doctrina
3712 2056 3732 2087 ,
3784 1996 4194 2097 experientia

1146 2124 1220 2189 et
1262 2106 1582 2195 consiliis*
1612 2117 1756 2192 suis
1806 2118 2132 2193 tenuitati
2173 2142 2369 2192 meae
2409 2117 2714 2216 benigne
2752 2118 3212 2193 subventuros
3254 2118 3454 2193 esse?
3527 2118 3622 2191 Et
3670 2116 4194 2215 quibuscunque

1144 2236 1428 2311 tandem
1490 2237 1771 2312 dotibus
1838 2239 2196 2337 indigeam
2214 2296 2235 2327 ,
2307 2262 2490 2337 quae
2556 2238 2930 2314 Doctorem
3007 2238 3509 2313 Academicum
3579 2243 3830 2312 ornent
3895 2242 4191 2336 oportet,

1146 2354 1393 2453 quidni
1432 2365 1504 2431 et
1543 2357 1856 2434 animum
1900 2359 2229 2457 recipiam
2272 2384 2355 2465 ‘³3¹
2393 2358 2863 2433 recordatione
2881 2414 2903 2448 ,
2951 2383 3093 2433 non
3139 2366 3417 2433 tantum
3478 2355 3973 2431 Patefactionis
4011 2354 4192 2429 Divi-

1142 2500 1275 2551 nae
1317 2482 1389 2551 et
1428 2476 1821 2569 Literarum'
1866 2480 2232 2553 Sacrarum
2283 2470 2601 2553 studium
2651 2504 2922 2579 semper
2964 2477 3141 2553 mihi
3181 2502 3386 2553 curae
3427 2484 3500 2551 et
3542 2477 3617 2551 in
3655 2475 3917 2552 deliciis
3956 2473 4190 2559 fuisse,

1146 2596 1270 2670 sed
1319 2620 1434 2671 me
1490 2597 1699 2672 etiam
1742 2622 1867 2696 per
1914 2597 2178 2696 aliquot
2220 2621 2440 2671 annos
2491 2598 2760 2672 Munus
2800 2598 3096 2698 gessisse
3139 2596 3760 2671 Ecclesiasticumi’
3825 2595 3987 2669 Hoc
4019 2592 4189 2668 enim

1154 2740 1354 2815 spero
1418 2724 1503 2791 ut
1566 2718 1658 2792 ad
1710 2717 1891 2791 bene
1950 2716 2357 2791 obeundum
2417 2719 2685 2826 Munus
2745 2742 2984 2793 meum
3030 2716 3533 2792 Academicum
3581 2714 3845 2815 aliquid
3899 2714 4190 2789 conferre

1150 2836 1396 2935 possit.
1498 2837 1781 2937 Quippe
1838 2836 2445 2938 persuasissimum
2497 2837 2670 2911 mih'i
2717 2845 2823 2912 est
2841 2896 2861 2926 ‚
2910 2836 3318 2936 primarium
3369 2860 3520 2910 esse
3573 2834 3989 2934 Theologiae
4037 2835 4187 2909 Pro-

1146 2956 1424 3032 fessoris
1457 2956 1757 3032 officium
1778 3014 1800 3047 ‚
1852 2964 1933 3033 ut
1974 2956 2246 3032 futuros
2292 2957 2680 3065 Tbeologos
2705 2944 2958 3032 'minus
3000 2956 3094 3032 ad
3126 2955 3307 3032 viros
3331 3013 3351 3045 ,
3402 2956 3715 3032 doctrina
3757 2956 4152 3057 conspicuos
4168 3011 4187 3041 ,

1146 3101 1360 3177 quam
1421 3078 1512 3152 ad
1568 3078 1854 3154 idoneos
1894 3078 2263 3177 Euangelii
2304 3078 2670 3168 Ministros
2715 3078 3080 3166 informet,
3131 3101 3387 3175 eosque
3436 3076 3682 3192 doceat
3727 3076 3856 3151 hoc
3897 3077 4189 3151 maxime

1143 3198 1428 3274 consilio
1483 3198 1943 3274 eruditionem
2002 3205 2075 3273 et
2142 3198 2500 3275 scientiam
2553 3197 2796 3298 magni
2843 3198 3065 3274 facere
3114 3205 3194 3272 et
3233 3179 3509 3272 summo
3560 3197 3793 3272 studio
3837 3179 4190 3296 appetere,
4195 3247 4200 3253 -

1146 3325 1229 3393 ut
1283 3317 1587 3407 fructus,
1656 3319 1821 3392 inde
1882 3319 2227 3416 percepti,
2293 3319 2367 3391 in
2419 3315 2773 3452 Ecclesiaq
2811 3317 3258 3393 commodum
3308 3316 3724 3390 redundent.
3829 3318 4066 3394 Quam
4109 3313 4191 3389 ob

1147 3462 1429 3512 causam
1470 3437 1761 3511 firmiter
1798 3436 1974 3510 mihi
2018 3438 2451 3536 propositum
2498 3445 2641 3540 est,
2691 3417 2822 3512 hoc
2869 3436 3173 3512 officium
3218 3436 3293 3510 in
3343 3435 3810 3513 institutione
3825 3459 3985 3511 mea
4023 3459 4198 3510 nun-

1149 3581 1363 3655 quam
1409 3556 2758 3655 negligere..

1249 3673 1465 3754 Quod
1537 3701 1759 3774 quum
1830 3676 1931 3751 ita
1998 3677 2126 3765 sit,
2185 3701 2327 3751 non
2390 3677 2856 3766 mirabimini,
2919 3677 3335 3765 Auditores,
3401 3676 3461 3750 si
3506 3676 3681 3750 mihi
3729 3634 4012 3775 gratum
4055 3695 4209 3751 esse

1126 3793 1426 3890 dixero,
1496 3793 1917 3869 institutioni
1986 3821 2183 3870 meae
2248 3819 2403 3870 eam
2471 3796 2681 3870 etiam
2761 3795 3214 3894 Theologiae
3243 3793 3585 3869 committi
3649 3802 3956 3891 partem,
4027 3813 4211 3893 quae

1153 3913 1364 4013 vulgo
1408 3923 1688 3988 vocatur
1720 3916 2145 4004 Pastoralis,
2194 3940 2448 4014 meque
2464 3974 2484 4004 ‚
2535 3916 3200 4013 circumspicientem
3240 3913 3605 3989 materiam
3640 3913 3973 3992 orationis
3995 3971 4018 4002 ,
4062 3933 4212 4012 qua

1155 4054 1413 4106 munus
1473 4055 1708 4108 meum
1776 4035 2201 4133 suspicarer,
2268 4035 2431 4109 hinc
2496 4060 2650 4110 eam
2719 4035 3094 4134 repetiisse.
3199 4032 3554 4106 Constitui
3623 4033 3808 4106 enim
3859 4033 3988 4108 hac
4034 4031 4212 4106 hora

1158 4149 1384 4226 dicere
1447 4155 1532 4226 de
1603 4155 2006 4254 Theoloyiae
2071 4155 2442 4230 Praeticae
2503 4158 2724 4230 studio
2742 4212 2762 4242 ‚
2813 4158 3063 4251 futuro
3123 4155 3498 4252 Euanyelii
3549 4155 3881 4227 Ministro
3906 4172 4212 4252 pror-sue

1153 4275 1553 4357 necessario,
1654 4273 1799 4348 Vos
1861 4272 2225 4348 benevolas
2289 4280 2371 4346 ut
2431 4273 2605 4348 mihi
2665 4297 2866 4348 aures
2920 4270 3308 4373 praebeatis
3327 4328 3347 4359 ,
3415 4271 3790 4347 Auditores
3843 4271 4206 4348 humanis-

1158 4390 1317 4466 simi
1335 4448 1359 4482 ,
1404 4391 1618 4468 etiam
1666 4400 1878 4492 atque
1932 4393 2142 4468 etiam
2188 4417 2375 4492 rogo,
2523 4457 2530 4465 .

1260 4628 1615 4705 Quoniam
1673 4656 1927 4708 nomen
2002 4635 2402 4733 Theoloyiae
2469 4634 2863 4708 Pastor-alis
2929 4631 3046 4706 vix
3112 4638 3235 4706 aut
3291 4655 3382 4704 ne
3443 4630 3557 4704 vix
3613 4629 3898 4731 quidem
3955 4651 4194 4705 omnes

1097 4849 1103 4856 ·
1162 4745 1479 4822 Muneris
1528 4749 1989 4827 Ecclesiastici
2031 4760 2259 4851 partes
2303 4752 2857 4852 comprehendit,
2903 4750 3156 4828 nostris
3197 4750 3627 4850 temporibus
3671 4751 3898 4850 magis
3939 4749 4181 4850 magis-
