4766 6034
1037 602 1130 672 60
2219 601 2296 670 A.
2380 603 2887 671 KUBNBN

1037 809 1167 886 aed
1229 808 1597 907 utriusque
1663 805 1920 882 codicis
1981 807 2463 884 auctoritatem
2528 809 2794 886 elevare
2860 817 2935 886 et
2990 808 3229 885 tollere
3292 809 3565 886 studet=
3628 811 4065 890 revelationis

897 950 906 958 ·
1035 929 1232 1006 notio
1273 929 1401 1004 ubi
1445 951 1680 1004 secum
1723 926 1876 1025 ipsa
1915 949 2228 1026 pugnare
2279 927 2751 1005 demonstrata
2792 929 3001 1006 fuerit
3016 988 3039 1018 ,
3084 929 3310 1029 ipsam
3356 954 3505 1006 rem
3550 931 3801 1006 merito
3843 932 4065 1009 reiici-

1035 1071 1257 1124 emus.
1353 1049 1454 1122 At
1519 1046 1872 1121 undenam
1935 1071 2194 1144 quaeso
2259 1047 2431 1121 haec
2494 1047 2647 1122 eius
2714 1049 3027 1124 definitio
3094 1049 3313 1148 petita
3384 1050 3519 1124 fuit
3536 1052 3571 1124 Ρ
3660 1051 3829 1150 Ipsa
3898 1075 4065 1128 sane

1035 1167 1112 1243 S.
1177 1166 1530 1265 Scriptura
1581 1165 1788 1264 longe
1835 1164 2178 1238 diversam
2237 1165 2568 1263 praebere
2625 1166 2934 1242 videtur:
2984 1167 3147 1242 huic
3196 1175 3431 1243 autem
3476 1168 3817 1246 iudicium
3856 1171 4065 1246 relin-

1031 1287 1394 1385 quendum
1432 1309 1582 1360 esse
1599 1343 1622 1374 ‚
1659 1308 1804 1358 non
1841 1283 2148 1358 cuiusvis
2174 1283 2458 1383 ingenio
2473 1343 2496 1373 ,
2532 1285 2607 1360 in
2638 1311 2714 1360 re
2752 1287 3011 1387 quippe
3054 1287 3377 1363 historica
3394 1347 3415 1377 ,
3452 1288 3605 1364 luce
3643 1290 3895 1366 elarius
3932 1300 4061 1367 est.

1036 1455 1048 1465 -
1127 1407 1244 1480 Ne
1305 1414 1540 1480 autem
1601 1403 2014 1478 existimetis
2033 1460 2052 1490 ‚
2099 1403 2256 1478 AA.
2278 1462 2300 1492 ,
2350 1404 2677 1480 eumdem
2720 1405 2839 1480 hic
2881 1431 3089 1481 usum
3137 1408 3321 1481 Novi
3370 1415 3442 1481 et
3492 1407 3580 1484 V.
3637 1410 4067 1486 Testamenti

1027 1526 1242 1603 libros
1281 1532 1630 1624 praestare
1651 1581 1674 1612 ‚
1721 1524 1821 1597 ita
1865 1531 1949 1597 ut
1991 1522 2102 1596 his
2139 1522 2339 1597 facile
2379 1548 2608 1598 carere
2644 1525 3010 1623 possimus.
3112 1527 3255 1600 Res
3292 1527 3479 1603 enim
3516 1527 3619 1603 ita
3651 1553 3802 1603 sese
3828 1529 4063 1606 habet.

1025 1645 1496 1721 Revelationis
1535 1652 1608 1717 et
1639 1641 2110 1741 inspirationis
2151 1641 2467 1716 notiones
2508 1644 2601 1719 N.
2641 1643 2969 1718 Foederis
2994 1645 3391 1720 auctoribus
3430 1645 3799 1720 familiares
3830 1656 4061 1737 erant,

1025 1764 1289 1863 quippe
1363 1764 1488 1862 qui
1553 1763 1782 1861 legem
1847 1761 2228 1835 Mosaicam
2285 1786 2330 1836 a
2386 1761 2542 1836 Deo
2589 1762 2825 1838 datam
2862 1763 3329 1862 agnoscebant
3374 1773 3445 1839 et
3491 1764 3579 1840 V.
3636 1767 4065 1842 Testamenti

1025 1882 1478 1982 scriptoribus
1521 1881 2042 1981 inspirationem
2083 1878 2391 1954 divinam
2428 1880 2735 1956 tribuere
2773 1882 3185 1957 didicerant:
3236 1883 3488 1959 seriore
3524 1883 3807 1958 demum
3836 1891 4061 1960 aetate

1025 2002 1120 2078 ab
1183 2002 1294 2076 his
1357 2002 1452 2077 ad
1506 2001 1878 2101 Apostolos
1931 2007 2330 2097 ceterosque
2381 2000 2477 2074 N.
2520 1999 2847 2074 Foederis
2898 2007 3213 2077 auctores
3270 2007 3823 2092 θεοπνευστίας
3868 2004 4063 2080 notio

1022 2122 1360 2198 translata
1394 2121 1550 2196 fuit.
1650 2122 2092 2218 Quapropter
2135 2118 2313 2193 nihil
2352 2119 2579 2218 magis
2626 2119 2728 2193 rei
2762 2126 3051 2196 naturae
3084 2144 3471 2220 congruum
3522 2130 3631 2196 cst
3646 2183 3667 2212 ‚
3717 2147 3933 2222 quam
3978 2130 4067 2198 ut

1025 2242 1118 2317 ab
1173 2243 1328 2341 ipso
1393 2240 1483 2316 V.
1549 2242 1994 2315 Testamento
2057 2233 2409 2312 discamus
2422 2297 2444 2327 ,
2514 2237 2689 2336 quid
2752 2239 2843 2312 sit
2894 2239 3220 2316 revelatio
3234 2298 3259 2332 ‚
3316 2241 3489 2340 quid
3542 2241 3833 2318 verbum
3883 2243 4021 2319 Dei
4036 2300 4060 2332 ,

1021 2363 1250 2462 qualis
1292 2361 1470 2437 liber
1516 2363 2022 2444 θεόπνευστος
2068 2357 2208 2431 dici
2251 2365 2619 2433 mereatur.

1115 2481 1282 2558 Alia
1319 2489 1674 2606 praeterea
1713 2477 2030 2578 quaestio
2066 2484 2176 2550 est
2191 2535 2212 2564 ‚
2261 2501 2443 2576 quae
2486 2477 2563 2550 in
2607 2478 2999 2577 dogmatica
3040 2477 3433 2555 Christiana
3466 2481 3877 2579 primarium
3926 2480 4061 2555 sibi

1018 2600 1324 2678 vindicat
1361 2602 1593 2676 locum
1609 2659 1631 2689 ‚
1677 2599 1772 2674 ad
1817 2619 2028 2696 quam
2075 2618 2236 2669 vero
2280 2593 2783 2692 expediendam
2830 2604 3149 2672 accurato
3194 2599 3629 2698 antiquitatis
3672 2599 4060 2676 Hebraicae

1018 2718 1252 2795 studio
1322 2726 1485 2793 ante
1540 2716 1776 2794 omnia
1835 2737 2014 2813 opus
2077 2719 2204 2786 est.
2303 2710 2527 2786 Haud
2567 2737 2723 2788 raro
2768 2713 2951 2790 inter
2994 2715 3353 2816 theologos
3396 2718 3486 2792 de
3535 2719 3943 2794 auctoritate
3982 2717 4059 2793 in

1017 2837 1416 2914 Christiana
1459 2836 1766 2912 Ecclesia
1813 2833 1901 2908 V.
1953 2831 2246 2906 Foederi
2291 2831 2667 2908 tribuenda
2716 2833 3175 2933 disceptatum
3224 2835 3381 2912 fuit.
3480 2838 3543 2912 Ε
3588 2839 3731 2912 litis
3778 2839 4063 2916 historia

1016 2958 1150 3035 hoc
1219 2981 1444 3035 unum
1509 2980 1701 3032 nunc
1767 2953 2050 3030 afferam
2071 3008 2092 3041 ,
2165 2950 2565 3051 saepissime
2612 2977 2701 3029 ex
2756 2953 3147 3053 ignorantia
3187 2979 3387 3031 verae
3429 2955 3703 3033 Veteris
3748 2959 4059 3035 Oecono-

1011 3078 1198 3155 miae
1247 3078 1503 3156 indolis
1556 3076 1773 3151 fuisse
1841 3081 2246 3173 peccatum,
2307 3080 2465 3147 tum
2500 3072 2615 3147 -ab
2649 3072 2782 3164 iis,
2830 3074 2955 3172 qui
2994 3074 3183 3149 iusto
3219 3076 3592 3167 maiorem,
3638 3084 3795 3153 tum
3838 3079 3928 3154 ab
3971 3078 4059 3153 iis

1013 3199 1142 3299 qui
1176 3199 1365 3275 iusto
1398 3197 1735 3273 minorem
1761 3191 2244 3269 auctoritatem
2281 3192 2348 3266 ei
2373 3191 2781 3269 tribuerent.
2832 3194 2933 3267 Ut
2962 3193 3053 3268 ab
3092 3194 3203 3269 his
3230 3194 3557 3295 incipiam
3574 3254 3598 3286 ,
3640 3196 4054 3275 sch-leier-

1009 3320 1464 3395 macherus
1527 3316 1791 3415 quique
1849 3336 2014 3388 eum
2061 3310 2283 3386 secuti
2329 3319 2497 3385 sunt
2540 3312 2847 3411 theologi
2861 3371 2883 3401 ‚
2930 3312 3283 3388 vinculum
3328 3322 3607 3391 tantum
3650 3315 4057 3393 historicum

1011 3437 1198 3512 inter
1261 3443 1633 3533 utramque
1691 3428 2188 3506 Oeconontiam
2238 3436 2691 3527 agnoscentes
2708 3487 2731 3518 ,
2779 3429 2867 3505 V.
2918 3430 3244 3507 Foederis
3292 3433 3487 3509 libris
3531 3434 3608 3509 in
3662 3436 4055 3534 dogmatica

1013 3555 1412 3631 Christiana
1474 3574 1756 3627 omnem
1823 3547 2236 3647 dignitatem
2257 3606 2280 3637 ‚
2347 3571 2563 3646 quam
2624 3548 2869 3623 dicunt
2884 3607 2908 3639 ,
2974 3551 3355 3627 normalem
3404 3560 3479 3627 et
3532 3553 4055 3653 inspirationem

1013 3674 1385 3774 denegant.
1485 3674 1524 3745 1
1543 3693 1794 3746 esum
1861 3675 1934 3742 et
1998 3666 2372 3766 Apostolos
2440 3666 2639 3742 aliter
2700 3667 2791 3742 de
2849 3667 2937 3742 iis
3000 3670 3292 3762 sentire,
3361 3671 3505 3747 iam
3569 3672 3908 3749 vidimus:
3981 3682 4053 3750 et

1010 3792 1331 3893 quamvis
1395 3791 1602 3890 longe
1665 3787 1852 3863 absit
1870 3844 1893 3875 ,
1955 3792 2040 3860 ut
2105 3810 2190 3861 ea
2251 3810 2431 3883 quae
2488 3786 2563 3861 in
2622 3788 2717 3863 N.
2755 3788 3201 3863 Testamento
3246 3790 3336 3865 de
3383 3789 3471 3866 V.
3517 3790 3845 3867 Foederis
3884 3792 4053 3868 locis

1009 3910 1279 4013 prolata
1338 3916 1507 3984 sunt
1565 3916 1930 4005 tamquam
2007 3904 2591 4003 interpretationis
2645 3907 3135 4005 grammaticae
3199 3915 3271 3981 et
3326 3908 3692 3985 historicae
3734 3934 4051 3987 normam

1010 4028 1270 4106 habere
1306 4028 1552 4117 liceat,
1601 4028 1640 4099 I
1657 4051 1698 4099 e
1713 4050 1748 4099 s
1765 4049 1816 4099 u
1860 4032 1934 4098 et
1973 4025 2468 4123 Apostolorum
2510 4026 2600 4099 de
2642 4024 2732 4101 V.
2774 4026 3101 4101 Foederis
3139 4026 3404 4126 origine
3438 4028 3809 4129 placitum,
3859 4030 4051 4128 quod

1009 4147 1414 4249 religionem
1465 4153 1774 4247 spectat,
1821 4168 1866 4218 a
1911 4143 2306 4243 dogmatico
2345 4168 2489 4219 non
2536 4153 2644 4219 est
2693 4144 3405 4244 praetermittendum.
3504 4148 3722 4224 Nullo
3762 4150 4047 4247 quidem

1010 4268 1164 4344 iure
1197 4264 1595 4369 postulant,
1643 4271 1726 4339 ut
1771 4262 1948 4337 illud
1994 4271 2311 4337 nostrum
2356 4262 2691 4339 faciamus
2708 4321 2732 4353 ,
2778 4262 3003 4337 aliena
3039 4264 3444 4339 auctoritate
3482 4268 3779 4365 permoti
3795 4326 3818 4357 ,
3868 4292 4049 4367 quae

1011 4395 1087 4463 et
1131 4412 1176 4464 a
1225 4394 1458 4463 mente
1504 4387 1543 4458 I
1561 4408 1601 4459 e
1619 4408 1653 4458 s
1667 4408 1720 4457 u
1767 4388 1841 4456 et
1886 4382 2381 4481 Apostolorum
2430 4391 2503 4457 et
2549 4407 2594 4457 a
2638 4379 2991 4481 religionis
3034 4380 3463 4457 Christianae
3504 4384 3739 4461 indole
3786 4386 4043 4486 longis-

1011 4505 1186 4582 sime
1245 4506 1483 4581 abest:
1547 4510 1624 4579 at
1689 4504 1751 4577 si
1810 4502 2129 4577 eamdem
2169 4502 2362 4577 illam
2378 4558 2403 4590 ‚
2452 4501 2653 4576 cuius
2696 4504 2735 4575 I
2750 4525 2791 4576 e
2810 4525 2844 4575 s
2862 4525 2911 4574 u
2928 4524 2963 4577 s
3011 4507 3249 4575 auctor
3287 4503 3593 4593 exstitit,
3638 4504 4043 4605 religionem

1011 4622 1494 4723 amplectimur
1547 4620 1706 4714 (hoc
1751 4627 1988 4697 autem
2036 4621 2332 4697 facimus
2375 4620 2571 4695 nulla
2613 4620 2681 4695 vi
2730 4627 2805 4695 et
2849 4618 3253 4695 auctoritate
3296 4622 3587 4716 coacti),
3632 4622 3823 4699 idem
3870 4648 4041 4724 quo-

1013 4766 1152 4844 que
1205 4742 1296 4819 de
1338 4740 1429 4819 V.
1475 4740 1918 4835 Oeconomia·
1939 4741 2282 4855 ipdicium
2335 4747 2653 4818 nostrum
2708 4739 2841 4816 erit
2854 4796 2877 4832 ,
2933 4762 3161 4839 neque
3213 4740 3302 4817 de
3348 4766 3433 4819 ea
3476 4738 3819 4844 abiectam
3856 4742 4041 4820 fove-
