4766 6034
1937 628 2497 699 ORATIO.
3650 633 3735 698 2⁷

789 836 1117 939 Gratulor
1197 835 1328 912 tibi
1351 894 1373 926 ,
1449 834 1908 915 ornatissime
1986 838 2290 916 Knnrn!
2363 840 2637 917 felicem
2696 836 3293 937 honorificumque
3336 837 3733 915 certaminis

689 957 1054 1035 eventum!
1121 958 1510 1034 Assecutus
1551 982 1630 1033 es
1673 956 1930 1035 honore
1969 940 2044 1036 et
2080 962 2389 1062 praemio
2406 1020 2428 1053 ,
2471 960 2665 1063 quod
2702 958 2837 1035 tibi
2875 959 3071 1035 trado
3088 1017 3109 1048 ,
3161 963 3244 1035 ut
3278 958 3367 1033 de
3408 982 3732 1037 successu

685 1077 1082 1154 studiorum
1147 1085 1433 1154 tuorum
1516 1080 1838 1181 laetoque
1911 1082 2348 1183 profectuum
2367 1142 2391 1175 ‚
2476 1083 2689 1159 etiam
2742 1081 2981 1159 futuro
3049 1089 3361 1181 tempore
3384 1140 3405 1169 ,
3474 1088 3731 1155 eventu

681 1199 864 1275 bene
913 1199 1240 1300 augurari
1295 1206 1368 1276 et
1415 1201 1564 1300 ipse
1613 1202 1838 1301 possis
1883 1209 1956 1277 et
2004 1203 2276 1302 possint
2319 1210 2791 1303 praeceptores
2844 1199 2951 1277 tui
2968 1260 2989 1292 ‚
3058 1202 3265 1277 amici
3314 1208 3386 1277 et
3440 1200 3727 1279 commi-

685 1320 938 1394 litones
959 1379 981 1411 ,
1030 1344 1208 1420 quos
1258 1346 1400 1397 non
1449 1322 1866 1399 mediocrem
1908 1324 2208 1401 laetitiae
2257 1331 2330 1400 et
2369 1322 2825 1400 iucunditatis
2858 1321 3165 1399 fructum
3208 1346 3295 1397 ex
3338 1328 3463 1397 tua
3512 1319 3725 1396 victo-

682 1440 792 1515 ria
845 1440 1024 1515 ferre
1083 1442 1298 1519 vides,
1397 1445 1438 1517 I
1464 1503 1485 1534 ,
1554 1442 2012 1521 ornatissime
2076 1445 2382 1521 Knnrn!
2446 1444 2671 1521 fruere
2728 1445 2907 1519 laeta
2951 1443 3081 1520 hac
3130 1442 3411 1518 victoria
3432 1501 3454 1533 ‚
3525 1442 3725 1518 cuius

675 1568 754 1634 et
807 1560 974 1637 olim
1037 1564 1435 1641 meminisse
1485 1570 1553 1641 te
1599 1565 1812 1642 iuvet.

777 2044 944 2119 Non
975 2042 1268 2143 contigit
1297 2043 1428 2118 tibi
1443 2102 1464 2134 ,
1500 2044 1960 2121 Ornatissime
1985 2046 2525 2121 mecn'rsl
2570 2068 2997 2144 quamquam
3022 2051 3303 2121 strenue
3326 2050 3397 2120 et
3420 2045 3723 2120 mascule

671 2163 1127 2239 contendenti
1173 2165 1479 2264 palmam
1525 2165 1846 2267 arripere.
1945 2169 2098 2243 Nec
2141 2174 2376 2242 tamen
2428 2166 2620 2242 Ordo
2669 2167 2847 2243 nihil
2890 2166 3196 2244 tribuere
3248 2166 3461 2241 videri
3508 2166 3727 2242 voluit

667 2286 1061 2361 industriae
1105 2293 1176 2361 et
1227 2284 1448 2361 labori
1464 2343 1485 2374 ,
1536 2311 1746 2386 quem
1791 2289 1866 2363 in
1903 2287 2218 2363 libellum
2259 2295 2471 2362 tuum
2510 2287 2937 2364 exarandum
2974 2288 3378 2389 impendisti
3396 2346 3417 2377 ,
3483 2288 3723 2387 itaque

663 2405 979 2481 nominis
1050 2406 1158 2479 tui
1224 2405 1504 2504 publica
1569 2409 1922 2483 mentione
1991 2408 2579 2509 promulgandum
2644 2434 2794 2485 esse
2864 2407 3183 2485 decrevit.
3271 2408 3485 2487 Quod
3528 2407 3723 2482 Ordo

669 2525 766 2619 de
829 2534 902 2600 te
968 2524 1424 2602 honorificum
1491 2527 1686 2603 dedit
1747 2529 2228 2605 testimonium
2249 2586 2272 2619 ‚
2362 2552 2451 2603 ex
2516 2529 2731 2605 animi
2794 2530 3135 2605 sententia
3184 2528 3317 2604 tibi
3372 2527 3717 2628 gratulor!

681 2646 926 2721 Prima
1005 2655 1418 2746 sequentem
1493 2646 1865 2725 honestum
1955 2655 2061 2725 est
2141 2648 2216 2723 in
2299 2648 2625 2725 secundis
2717 2648 3112 2725 subsistere.
3241 2646 3497 2723 Fecisti
3578 2646 3723 2721 iam

673 2765 932 2841 virium
989 2774 1273 2843 tuarum
1337 2768 1722 2868 periculum
1741 2829 1761 2860 ‚
1837 2794 2056 2870 coque
2119 2770 2276 2871 ipso
2333 2770 2519 2846 viam
2573 2768 2708 2844 tibi
2752 2769 3051 2871 parasti,
3101 2793 3185 2845 ac
3228 2766 3581 2868 prolusisti
3628 2765 3723 2841 ad

663 2888 1069 2985 praemium
1121 2889 1254 2966 alio
1303 2914 1488 2967 anno
1533 2891 1920 2969 ferendum.

767 3367 913 3443 Vos
960 3368 1260 3480 denique
1280 3429 1300 3458 ,
1372 3371 1818 3448 ornatissimi
1871 3372 2212 3448 Iuvenes!
2283 3369 2704 3448 Academiae
2750 3377 3025 3448 nostrae
3072 3370 3258 3447 cives·
3311 3370 3715 3471 patriaeque

663 3491 870 3588 spes!
923 3490 1150 3564 laetus
1196 3491 1572 3590 compello!

765 3611 898 3683 Est
949 3610 1138 3684 enim
1156 3669 1176 3700 ‚
1245 3635 1384 3709 quo
1427 3636 1844 3711 magnopere
1905 3613 2117 3687 laeter
2164 3618 2376 3710 atque
2421 3613 2718 3712 gestiam
2773 3614 3006 3688 animo
3052 3637 3209 3688 meo
3230 3670 3251 3701 ,
3318 3635 3437 3686 vos
3494 3635 3718 3709 quum

661 3731 942 3806 intueor
1017 3737 1228 3830 atque
1298 3731 1615 3808 recordor
1634 3791 1654 3820 ,
1725 3733 1965 3830 quales
2035 3733 2166 3806 hoc
2232 3755 2416 3807 anno
2483 3758 2601 3807 vos
2666 3733 3168 3833 praestiteritis.
3268 3730 3539 3830 Dignos
3592 3755 3714 3806 vos

663 3851 1072 3928 ostendistis
1091 3910 1112 3941 ,
1181 3852 1341 3952 qui,
1403 3853 1660 3928 civium
1711 3853 2262 3930 academicorum
2311 3877 2565 3928 nomen
2619 3854 2887 3943 meriti,
2954 3853 3270 3929 libertate
3322 3851 3714 3928 academica

659 3971 1014 4049 fruamini.

765 4094 930 4167 Non
995 4117 1284 4191 possum
1347 4093 1518 4192 quin
1586 4093 1920 4168 memoria
1973 4099 2292 4192 repetens
2310 4152 2330 4183 ,
2385 4093 2733 4192 quomodo
2786 4093 2995 4169 hocce
3048 4118 3229 4168 anno
3251 4152 3272 4181 ,
3343 4116 3483 4190 quo
3538 4090 3714 4165 mihi

661 4213 1086 4288 Academiae
1155 4213 1374 4289 fasces
1445 4221 1640 4289 erant
1709 4213 2093 4302 commissi,
2173 4213 2388 4289 vitam
2439 4213 2877 4288 institueritis
2897 4273 2917 4302 ,
2990 4219 3059 4288 et
3126 4236 3541 4312 magnopere
3586 4234 3708 4285 vos

661 4333 958 4433 probem
1014 4341 1084 4408 et
1131 4335 1395 4434 optima
1445 4359 1760 4434 quaeque
1811 4335 1899 4408 de
1949 4333 2144 4408 vobis
2197 4359 2486 4433 sperem.
3316 4427 3327 4434 ⁶

764 4455 1018 4553 Neque
1087 4455 1340 4530 hancce
1401 4481 1629 4530 meam
1654 4515 1674 4544 ,
1742 4481 1953 4555 quam
2004 4455 2200 4532 vobis
2245 4454 2601 4553 impertior
2619 4512 2640 4543 ,
2706 4452 2985 4528 laudem
3028 4450 3302 4526 abiicite
3351 4454 3433 4522 ut
3485 4448 3707 4522 levem

660 4573 1043 4651 futilemve.
1145 4576 1405 4651 Scitote
1454 4576 1642 4650 enim
1687 4583 1758 4650 et
1809 4601 2216 4675 persuasum
2264 4575 2459 4651 vobis
2505 4563 2829 4650 habetote
2845 4631 2863 4676 ξ
2916 4569 3214 4646 eundem
3231 4629 3251 4659 ,
3302 4593 3513 4669 quem
3562 4567 3705 4642 iam

660 4683 944 4795 publice
985 4721 1103 4770 vos
1151 4694 1544 4795 praedicare
1581 4695 1945 4797 insigniter
1992 4698 2222 4788 iuvat,
2272 4695 2546 4772 silentio
2584 4720 2725 4771 non
2766 4692 2979 4769 fuisse
3021 4689 3665 4792 praetermissurum
3686 4746 3705 4777 ‚

663 4815 726 4890 si
775 4815 916 4890 vita
963 4823 1190 4893 vestra
1237 4815 1472 4891 minus
1519 4815 1876 4915 probanda
1923 4817 2098 4891 mihi
2145 4823 2328 4892 esset
2374 4817 2541 4892 visa.

3121 4935 3222 5007 4*
