4766 6034
1985 654 2541 724 ORATIO.
3682 653 3765 722 65

730 869 802 935 et
869 861 1008 938 alia
1069 861 1292 938 multa
1352 885 1572 962 aeque
1639 862 1942 959 absurda
2010 864 2100 939 ab
2165 863 2567 940 hominibus
2628 862 2925 939 indoctis
2986 863 3150 939 inde
3213 863 3503 952 deduci,
3564 885 3772 938 nemo

730 980 1100 1057 mirabitur
1114 1041 1136 1073 ,
1195 981 1319 1082 qui
1359 1006 1573 1082 quam
1617 981 1913 1059 difficilis
1957 984 2048 1061 sit
2087 983 2338 1060 horum
2386 983 2723 1059 librorum
2768 982 3243 1084 interpretatio
3263 1044 3286 1075 ,
3342 990 3769 1084 quantopere

727 1100 1238 1199 praeiudicatae
1300 1101 1658 1201 opiniones
1719 1104 2002 1204 optimis
2063 1103 2275 1180 etiam
2331 1104 2827 1204 interpretibus
2886 1104 3128 1180 fucum
3186 1106 3409 1180 facere
3464 1104 3731 1178 soleant
3747 1161 3769 1193 ,

726 1222 1174 1321 perspexerit.
1289 1223 1528 1322 Atque
1584 1224 1684 1299 ita
1730 1226 2016 1326 quidem
2063 1225 2288 1326 ipsius
2335 1225 2547 1300 etiam
2589 1225 2659 1301 S.
2711 1224 3105 1324 Scripturas
3154 1225 3473 1323 exemplo
3524 1223 3769 1299 confir-

727 1341 902 1416 mari
960 1342 1276 1418 videmus
1335 1344 1584 1420 tritum
1645 1344 1823 1420 illud
1838 1402 1861 1435 ,
1929 1344 2104 1421 nihil
2145 1369 2298 1420 esse
2342 1351 2502 1418 tam-
2532 1342 2703 1417 utile
2723 1400 2743 1430 ,
2796 1342 2967 1441 quin
3020 1342 3246 1417 abusu
3288 1341 3579 1417 noxium
3620 1340 3775 1416 fieri

726 1460 984 1559 possit:
1056 1469 1364 1540 attamen
1433 1465 1624 1563 quod
1689 1491 1776 1542 ex
1846 1491 1929 1542 ea
1993 1465 2157 1540 oriri
2214 1464 2435 1565 possit
2483 1463 2821 1539 damnum
2868 1462 3085 1537 nihili·
3110 1462 3251 1538 fere
3308 1470 3450 1551 est,
3502 1461 3561 1536 si
3610 1485 3775 1536 cum

727 1604 984 1680 magna
1027 1605 1240 1681 quam
1281 1593 1588 1682 praestat
1631 1585 1932 1662 utilitate
1977 1593 2417 1686 comparatur
2436 1644 2456 1675 ‚
2508 1591 2579 1659 et
2628 1583 3001 1661 maximam
3049 1591 3317 1682 partem
3362 1580 3773 1670 evitabitur‚

729 1700 790 1776 si
857 1701 1170 1778 homines
1240 1704 1621 1782 Christiani
1681 1731 1724 1782 a
1776 1706 2012 1806 pueris
2057 1705 2222 1781 inde
2269 1705 2531 1781 fuerint
2579 1705 2845 1794 edocti,
2895 1728 3235 1803 quasnam
3284 1703 3358 1778 in
3407 1701 3775 1777 revelanda

727 1820 1012 1896 veritate
1072 1823 1262 1922 leges
1331 1824 1466 1900 sibi
1541 1826 1888 1927 scripserit
1948 1828 2146 1902 Deus
2170 1884 2190 1915 ‚
2261 1833 2335 1900 et
2404 1825 2578 1924 quid
2634 1825 2711 1898 in
2778 1823 3213 1901 revelationis
3231 1881 3253 1913 ,
3315 1821 3404 1897 V.
3448 1821 3775 1897 Foederis

726 1937 920 2014 libris
965 1942 1411 2042 consignatae
1424 2003 1445 2035 ,
1473 1949 1716 2042 forma
1763 1944 2166 2023 hominibus
2214 1945 2427 2019 errori
2472 1943 2790 2021 obnoxiis
2838 1943 3295 2019 tribuendum
3344 1942 3455 2018 sit.

824 2060 1025 2136 Idem
1086 2061 1176 2137 de
1228 2063 1701 2142 Israelitarum
1752 2067 2039 2142 historia
2086 2065 2515 2141 monendum
2558 2073 2702 2140 est=
2754 2090 2935 2164 quae
2982 2087 3360 2164 puerorum
3402 2059 3777 2137 memoriae

726 2180 868 2254 iam
927 2187 1198 2256 mature
1267 2184 1597 2262 inculcari
1655 2186 1848 2264 solet.
1948 2188 2174 2262 Fuere
2226 2211 2391 2263 sane
2411 2245 2432 2276 ,
2482 2185 2606 2288 qui
2658 2186 2847 2259 hunc
2900 2209 3109 2258 usum
3156 2180 3737 2280 reprehenderent
3754 2238 3777 2269 ‚

727 2299 990 2398 quique
1057 2302 1274 2378 satius
1335 2330 1485 2381 esse
1551 2306 2024 2382 existimarent
2042 2364 2064 2394 ,
2134 2330 2385 2404 pueros
2448 2304 2711 2402 patriae
2762 2301 3125 2376 historiam
3167 2306 3240 2376 et
3282 2299 3780 2399 geographiam

728 2419 1028 2495 ediscere
1050 2478 1071 2509 ,
1139 2447 1352 2519 quam
1381 2423 1637 2524 ‘gentis
1697 2422 2120 2526 Israeliticae
2156 2422 2301 2499 fata
2349 2429 2424 2495 et
2464 2419 2893 2497 Palaestinae
2936 2419 3443 2496 conditionem:
3495 2443 3637 2517 qua
3688 2411 3779 2494 de

727 2562 802 2612 re
846 2539 948 2612 ita
1001 2539 1227 2614 sentio
1242 2599 1262 2629 ,
1313 2540 1489 2616 illud
1536 2541 1933 2618 faciendum
1977 2566 2208 2642 neque
2254 2549 2487 2617 tamen
2530 2548 2891 2640 propterea
2926 2540 3057 2616 hoc
3094 2539 3565 2615 omittendum
3600 2563 3774 2615 esse.

727 2653 1073 2733 Viderunt
1131 2659 1318 2734 enim
1369 2661 1796 2762 sagacissimi
1834 2662 2098 2762 quique
2117 2720 2138 2752 ,
2188 2686 2228 2736 e
2270 2659 2543 2736 Veteris
2586 2661 3015 2736 Testamenti
3058 2660 3253 2736 libris
3302 2659 3643 2736 historicis
3685 2659 3781 2735 ad

728 2775 1090 2878 ingenium
1148 2779 1415 2878 puerile
1474 2781 1917 2858 formandum
1934 2842 1957 2873 ,
2007 2783 2100 2858 ad
2146 2781 2407 2872 iustam
2454 2805 2687 2859 rerum
2710 2840 2731 2872 ,
2779 2805 2959 2881 quae
2998 2807 3187 2858 nunc
3233 2781 3415 2856 fiunt
3458 2788 3529 2854 et
3576 2787 3782 2856 antea

719 2894 949 2972 factae
991 2906 1157 2972 sunt
1175 2957 1196 2988 ,
1245 2901 1798 2979 aestimationem
1817 2962 1836 2992 ,
1887 2927 2215 3004 magnam
2256 2900 2519 3002 percipi
2558 2927 2761 3002 posse
2805 2900 3201 2976 utilitatem.
3294 2901 3501 2976 Hanc
3542 2907 3781 2975 autem

731 3019 1314 3117 exspectationem
1382 3047 1472 3098 ne
1536 3022 1730 3099 fallat
1799 3031 2090 3100 eventus
2110 3083 2130 3114 ‚
2204 3048 2481 3099 summa
2541 3022 2863 3121 theologo
2929 3023 3231 3122 practico
3292 3021 3523 3096 cautio
3583 3020 3779 3095 adhi-

732 3137 965 3246 benda
1029 3148 1153 3216 est.
1255 3143 1419 3219 Non
1483 3145 1738 3220 sufficit
1786 3145 1990 3220 enim
2051 3168 2307 3248 pueros
2376 3166 2646 3231 rerum,
2712 3165 2891 3241 quae
2960 3148 3363 3227 narrantur,
3436 3140 3776 3215 suavitate

733 3258 1040 3335 allicere:
1106 3262 1220 3336 cui
1285 3264 1570 3339 consilio
1625 3264 1760 3340 alia
1807 3265 2018 3341 etiam
2062 3262 2348 3339 historia
2365 3322 2387 3353 ‚
2450 3270 2523 3339 et
2567 3262 2815 3337 melius
2868 3260 3155 3335 fortasse
3175 3319 3196 3349 ,
3245 3260 3573 3334 inservire
3615 3283 3777 3358 pos·

736 3379 861 3469 sit3
930 3405 1166 3457 verum
1217 3386 1724 3482 penetrandum
1774 3393 1881 3460 est
1925 3384 2000 3460 in
2053 3366 2385 3459 intimum
2430 3406 2663 3457 rerum
2708 3406 3005 3471 nexum,
3055 3387 3137 3456 ut
3181 3387 3509 3479 appareat
3554 3378 3779 3480 qualis

735 3499 864 3588 sit,
933 3526 1114 3602 quae
1184 3502 1364 3579 inter
1417 3504 1812 3604 religiosam
1861 3504 2104 3605 populi
2148 3503 2617 3579 conditionem
2658 3503 2947 3602 eiusque
2990 3501 3521 3601 prosperitatem
3564 3499 3779 3574 inter·

732 3620 958 3710 cedit,
1010 3623 1470 3699 necessitudo,
1575 3625 1722 3703 Qui
1764 3624 1943 3702 hanc
1983 3633 2169 3701 recte
2214 3624 2597 3724 perspicere
2647 3624 2841 3724 cupit
2860 3682 2880 3712 ,
2931 3648 3019 3699 ne
3070 3623 3395 3722 opinetur
3432 3620 3509 3695 in
3544 3644 3779 3697 rerum

735 3742 1097 3839 superficie
1171 3743 1307 3817 sibi
1371 3768 1521 3820 esse
1587 3744 2153 3834 subsistendum;
2217 3744 2639 3844 experientia
2700 3743 2887 3818 enim
2952 3742 3229 3831 docuit,
3292 3766 3415 3815 eos
3464 3740 3587 3839 qui
3636 3739 3778 3839 pri-

703 3859 1046 3945 ,moribus
1107 3870 1384 3938 tantum
1445 3864 1657 3940 labris
1719 3864 2144 3941 Hebraicam
2207 3872 2608 3964 gustassent
2653 3864 3011 3940 historiam
3030 3923 3049 3953 ‚
3112 3862 3569 3937 institutionis
3614 3860 3781 3934 hinc

733 3990 1099 4080 perceptae
1173 4006 1338 4059 mox
1400 3984 1698 4061 libenter
1769 3983 2012 4061 fecisse
2079 3984 2416 4061 iacturam
2431 4018 2449 4073 ;
2518 3984 2642 4083 qui
2687 4008 2847 4058 vero
2888 3982 3180 4057 interius
3234 3983 3306 4055 in
3362 4007 3517 4057 eam
3565 4004 3778 4078 pene-

735 4105 1034 4171 trassent
1055 4155 1076 4187 ,
1124 4100 1351 4199 magis
1391 4102 1756 4203 magisque
1797 4128 1880 4179 ea
1919 4102 2136 4178 fuisse
2183 4103 2557 4178 delectatos
2599 4110 2670 4177 et
2705 4128 2788 4177 eo
2829 4103 3181 4178 uberiores
3220 4128 3307 4177 ex
3355 4100 3505 4176 eius
3547 4100 3780 4174 studio

736 4217 1094 4315 collegisse
1133 4217 1402 4296 fructus
1427 4280 1446 4310 ‚
1496 4248 1638 4321 quo
1686 4222 1937 4298 melius
1981 4222 2202 4321 ipsius
2241 4221 2543 4297 hominis
2580 4222 2654 4297 in
2692 4247 2775 4297 ea
2822 4233 3053 4322 partes
3099 4230 3170 4296 et
3207 4244 3438 4294 rerum
3483 4242 3740 4291 nexum
3758 4274 3780 4304 ,

737 4358 949 4433 quem
1004 4337 1250 4413 dicunt
1266 4399 1287 4429 ‚
1335 4344 1725 4419 naturalem
1766 4343 2298 4443 perspexissent.
2400 4343 2649 4440 Neque
2692 4342 3125 4441 postulamus
3169 4340 3257 4414 ab
3308 4337 3589 4431 homine
3638 4335 3781 4436 pri-

737 4462 895 4529 vato
914 4514 933 4544 ‚
982 4464 1066 4531 ut
1105 4482 1188 4533 ea
1233 4461 1498 4537 ratione
1544 4462 2027 4539 Hebraeorum
2076 4462 2256 4539 colat
2294 4460 2683 4550 historiam;
2733 4486 2777 4535 a
2820 4458 3291 4535 fundamentis
3326 4480 3483 4531 vero
3502 4514 3523 4544 ,
3568 4457 3784 4531 semel

740 4598 783 4647 a
852 4573 1129 4650 doctore
1193 4580 1436 4677 positis
1458 4641 1477 4671 ‚
1548 4582 1876 4682 pleraque
1948 4583 2085 4658 nisi
2143 4582 2376 4659 omnia
2439 4580 2556 4657 hic
2626 4579 2953 4680 pendent.
3056 4580 3500 4677 Quapropter
3559 4576 3633 4650 in
3699 4601 3783 4651 eo

737 4692 994 4768 iustam
1039 4720 1273 4773 rerum
1320 4700 1854 4779 Israeliticarum
1899 4701 2450 4779 aestimationem
2470 4760 2491 4791 ‚
2541 4708 2613 4776 et
2652 4700 2843 4799 quod
2871 4700 3061 4775 illam
3100 4698 3466 4798 praecedat
3499 4718 3779 4771 necesse
3892 4746 3899 4755 -

739 4820 886 4901 est,
936 4828 1334 4895 accuratum
1384 4828 1456 4897 et
1501 4822 1819 4899 criticum
1864 4824 2176 4923 ipsorum
2221 4821 2522 4899 fontium
2571 4821 2883 4897 studium
2932 4819 3177 4897 merito
3222 4818 3661 4917 requirimus.

3347 4944 3391 5011 9
