4766 6034
1021 585 1104 650 π
1767 539 1778 548 ’
2208 586 2882 653 A.KUENEN

1017 794 1093 867 in
1155 818 1228 867 re
1280 798 1351 866 et
1393 792 1432 866 I
1450 816 1488 866 e
1510 817 1543 865 s
1559 816 1609 865 u
1627 816 1660 864 s
1703 798 2166 890 praecesserat
2208 802 2280 867 et
2324 794 2627 894 reliquos
2668 794 3039 894 Apostolos
3084 818 3319 870 secum
3365 794 3578 871 habet
3623 798 4053 874 consentien-

1019 921 1150 987 teS.
1261 913 1366 985 Ex
1426 912 1556 986 hoc
1611 910 1962 987 involucro
2014 936 2097 986 ea
2149 913 2549 1013 depromere
2570 973 2591 1004 ,
2641 939 2821 1013 quae
2867 914 3213 988 Christi
3254 916 3668 990 asseclarum
3719 917 3807 990 de
3852 917 4060 992 rebus

1017 1030 1408 1107 novissimis
1465 1030 1813 1106 doctrinae
1873 1032 2151 1131 propria
2209 1041 2410 1122 sunt,
2470 1059 2580 1108 res
2635 1041 2744 1109 est
2788 1033 3005 1109 ardua
3026 1092 3047 1123 ‚
3099 1059 3312 1134 quam
3357 1061 3579 1134 quum
3622 1045 3827 1111 antea
3870 1037 4061 1112 haud

1017 1152 1223 1251 pauci
1279 1151 1534 1226 frustra
1595 1152 2045 1240 tentaverint,
2114 1161 2268 1228 tum
2331 1153 2537 1229 hodie
2602 1154 2983 1253 graviorem
3009 1214 3030 1244 ‚
3099 1179 3313 1253 quam
3373 1163 3455 1230 ut
3514 1156 3751 1256 perfici
3802 1157 4059 1254 possit,

1014 1272 1632 1372 pronuntiaverunt
1667 1271 1899 1346 idonei
1932 1272 2182 1346 harum
2219 1298 2453 1348 rerum
2492 1273 2776 1348 iudices.
2876 1275 3127 1373 Neque
3171 1275 3499 1374 equidem
3539 1300 3663 1375 per
3694 1276 3780 1350 V.
3820 1277 4059 1350 Testa-

1014 1392 1235 1466 menti
1281 1399 1350 1466 et
1391 1392 1810 1466 Iudaeorum
1860 1391 2245 1491 theologiae
2293 1392 2607 1468 studium
2648 1418 2889 1468 omnes
2933 1394 3254 1470 tenebras
3316 1394 3708 1494 dispulsum
3755 1395 3840 1469 iri
3881 1397 4058 1470 affir-

1014 1537 1200 1587 mare
1269 1512 1513 1588 ausim.
1615 1513 1775 1586 Hoc
1845 1536 2005 1587 vero
2070 1520 2339 1588 certum
2408 1521 2551 1603 est,
2622 1513 2797 1589 nihil
2850 1514 2925 1588 in
2982 1514 3112 1589 hac
3163 1515 3570 1612 quaestione
3618 1515 4063 1590 diiudicanda

1013 1632 1291 1731 profici,
1341 1632 1479 1706 nisi
1520 1638 1592 1706 et
1642 1632 1733 1706 ad
1783 1657 1867 1707 ea
1914 1657 2093 1730 quae
2139 1632 2573 1732 singulorum
2616 1632 2893 1732 propria
2941 1641 3107 1708 sunt
3148 1635 3238 1709 N.
3288 1634 3613 1708 Foederis
3654 1643 4015 1710 auctorum
4040 1694 4061 1723 ,

1015 1763 1088 1828 et
1125 1754 1217 1828 ad
1249 1777 1692 1828 communem
1722 1751 1984 1826 fontem
2020 1753 2461 1828 attendamus
2483 1813 2503 1843 ,
2541 1754 2728 1827 unde
2766 1777 3007 1828 omnes
3025 1811 3046 1844 ‚
3076 1754 3269 1829 nullo
3302 1762 3589 1853 excepto
3607 1811 3627 1843 ,
3659 1754 4058 1830 hauserunt.

1105 1874 1492 1948 'Rationem
1547 1870 1880 1946 concludo
1929 1871 2068 1945 ita:
2143 1859 2265 1971 qui
2322 1873 2417 1948 N.
2481 1874 2909 1949 Testamenti
2959 1873 3377 1974 theologiam
3397 1934 3417 1964 ,
3481 1898 3564 1949 eo
3613 1875 3893 1949 nomine
3958 1873 4062 1948 di-

884 2087 918 2103 -
1014 2018 1228 2092 gnam
1247 2051 1266 2082 ,
1317 1993 1610 2100 condere
1648 1992 1842 2090 cupit
1856 2049 1875 2080 ,
1929 1991 1993 2066 ei
2033 2016 2076 2065 a
2095 1991 2182 2069 V.
2211 1993 2517 2068 Foedere
2555 1993 2835 2067 initium
2870 1992 3266 2070 faciendum
3308 1993 3473 2068 erit:
3527 1994 3839 2093 genetica
3876 1995 4062 2069 enim

1014 2140 1080 2212 q.
1134 2114 1202 2187 d.
1257 2113 1623 2188 methodus
1640 2160 1660 2201 ,
1711 2110 1818 2185 uti
1868 2109 2096 2185 ubivis
2116 2171 2136 2200 ‚
2189 2113 2285 2188 sic
2333 2113 2408 2188 in
2453 2113 2581 2188 hac
2622 2137 2903 2212 quoque
2949 2112 3314 2212 disciplina
3330 2172 3350 2202 ,
3400 2113 3685 2211 reliquis
3730 2113 4059 2189 omnibus

1013 2240 1355 2332 praestat;
1405 2239 1475 2307 et
1515 2238 1866 2331 praeterea
1911 2230 2026 2305 hic
2079 2233 2513 2331 argumentis
2555 2233 3083 2308 commendatur
3124 2233 3316 2307 haud
3358 2233 3906 2308 contemnendis.
3986 2235 4064 2307 Si

1013 2353 1202 2428 enim
1270 2353 1400 2428 hoc
1472 2351 1797 2427 omnibus
1859 2374 2228 2426 commune
2297 2359 2405 2427 est
2465 2354 2557 2428 N.
2627 2353 3055 2428 Testamenti
3121 2353 3570 2453 scriptoribus
3590 2413 3610 2443 ,
3686 2361 3764 2426 ut
3828 2351 4065 2426 Veteri

1011 2473 1264 2572 placita
1325 2497 1450 2546 sua
1507 2478 1987 2570 superstruant
2033 2480 2106 2546 et
2153 2499 2240 2574 εξ
2283 2474 2681 2573 aequalium
2723 2473 3073 2573 theologia
3123 2472 3315 2547 haud
3358 2498 3579 2572 pauca
3617 2473 4025 2572 depromant
4042 2529 4064 2562 ,

1010 2617 1239 2692 neque
1305 2602 1541 2670 tamen
1607 2591 1850 2667 eadem
1922 2591 2182 2691 singuli
2249 2595 2374 2668 sed
2434 2619 2565 2670 sua
2616 2595 2913 2694 quisque
2955 2593 3221 2676 ratione
3261 2593 3390 2667 hac
3432 2593 3505 2668 in
3549 2617 3624 2668 re
3668 2600 4060 2668 versentur:

1012 2714 1190 2788 nihil
1243 2737 1407 2788 sane
1465 2712 1688 2812 magis
1745 2711 1844 2786 rei
1909 2718 2199 2788 naturae
2247 2738 2637 2814 congruum
2682 2723 2829 2804 est,
2880 2737 3095 2812 quam
3147 2720 3268 2801 ut,
3321 2739 3362 2787 a
3414 2712 3769 2786 communi
3814 2713 4063 2788 funda-

1012 2841 1250 2908 mento
1316 2832 1593 2906 initium
1651 2831 2015 2921 facientes,
2084 2830 2345 2905 variam
2410 2856 2551 2930 qua
2607 2831 2867 2930 singuli
2917 2829 2991 2904 in
3041 2853 3123 2903 eo
3174 2829 3685 2905 aedificaverint
3728 2829 4066 2907 rationem

1011 2976 1480 3054 proponamus
1499 3011 1518 3042 ,
1569 2977 1709 3052 quo
1743 2952 1968 3052 magis
2010 2951 2084 3025 in
2119 2950 2389 3026 unitate
2424 2950 2784 3027 diversitas
2803 3009 2824 3039 ,
2860 2949 2934 3024 in
2968 2948 3122 3048 ipsa
3162 2948 3562 3026 diversitate
3592 2950 4065 3027 convenientia

1011 3080 1404 3174 appareant.

1109 3196 1220 3267 Ne
1285 3218 1443 3291 vero
1502 3194 1659 3291 quis
1717 3193 2082 3281 exstimat,
2153 3218 2235 3268 ea
2258 3252 2278 3282 ,
2339 3219 2520 3293 quae
2582 3195 2946 3291 hucusque
3003 3190 3393 3292 disputavi,
3456 3192 3529 3264 in
3592 3190 4063 3291 Apostolicam

1011 3320 1288 3388 tantum
1342 3314 1679 3411 quadrare
1741 3321 2072 3389 aetatem:
2144 3337 2322 3411 quae
2376 3313 2564 3388 enim
2609 3314 2785 3388 hanc
2831 3318 3069 3386 secuta
3112 3319 3219 3385 est
3268 3318 3458 3385 aetas
3476 3368 3497 3398 ‚
3548 3332 3689 3383 non
3745 3309 3979 3384 minus
4019 3334 4063 3383 a

1013 3432 1101 3508 V.
1152 3434 1596 3508 Testamento
1653 3432 2023 3532 pendebat.
2123 3432 2490 3510 Quamdiu
2542 3433 2728 3507 enim
2775 3431 3269 3530 Apostolorum
3320 3429 3573 3527 scripta
3624 3428 3942 3503 nondum
3986 3428 4059 3500 in

1015 3576 1236 3626 unum
1309 3576 1558 3652 corpus
1626 3559 1828 3633 erant
1887 3550 2209 3639 collecta,
2281 3552 2458 3627 illud
2518 3553 2592 3626 in
2654 3550 3207 3626 Christianorum
3272 3544 3727 3623 conventibus
3793 3546 4062 3621 recitari

1017 3671 1282 3745 solebat
1333 3680 1406 3746 et
1441 3672 1663 3747 multo
1708 3672 1924 3747 maior
1975 3671 2038 3745 ei
2083 3672 2455 3747 auctoritas
2498 3671 2976 3760 tribuebatur,
3027 3694 3240 3769 quam
3286 3667 3557 3744 Pauli
3599 3691 3663 3742 v.
3690 3692 3746 3742 c.
3784 3665 4057 3765 Episto-

1016 3790 1140 3880 lis3
1191 3791 1291 3866 ita
1337 3798 1417 3865 ut
1457 3816 1595 3866 una
1639 3817 1800 3866 cum
1837 3791 2040 3866 dictis
2080 3792 2118 3863 I
2137 3816 2224 3866 es
2247 3816 2334 3879 u,
2382 3816 2499 3865 ore
2540 3790 2850 3879 traditis,
2902 3788 3178 3863 unicam
3214 3786 3712 3861 credendorum
3744 3808 4057 3859 normam

1016 3911 1485 3987 constitueret.
1589 3912 1827 4005 Solent
1871 3912 2060 3986 enim
2102 3893 2337 4008 patres
2381 3938 2449 4009 q.
2496 3911 2566 3985 d.
2616 3909 2999 4008 Apostolici
3048 3905 3299 4019 placita
3344 3930 3471 3981 sua
3510 3904 3603 3980 ad
3644 3906 3737 3978 Ie
3756 3929 3789 3977 s
3807 3929 3856 3976 u
3875 3928 3944 3976 m
3988 3911 4059 3976 et

905 4100 922 4115 ,
1017 4036 1157 4123 τὴν
1207 4038 1514 4131 γραφήν
1557 4032 1601 4106 i.
1656 4056 1713 4108 e.
1762 4030 2036 4107 Veteris
2084 4030 2414 4104 Foederis
2462 4029 2674 4104 libros
2724 4026 3156 4129 provocando
3204 4026 3517 4113 firmare,
3566 4022 4057 4122 Apostolorum

1018 4152 1226 4225 effata
1287 4153 1358 4225 in
1429 4151 1820 4227 subsidium
1893 4149 2322 4226 adhibentes.
2453 4132 2653 4224 Adeo
2718 4174 2878 4224 cum
2944 4145 3339 4222 Christiana
3396 4143 3739 4219 sentiendi
3794 4142 4059 4218 ratione

1018 4270 1250 4345 divina
1316 4295 1556 4346 eorum
1629 4270 1960 4345 librorum
2033 4270 2404 4344 auctoritas
2480 4270 2825 4345 coaluerat
2843 4328 2863 4358 ,
2938 4274 3059 4355 ut,
3134 4266 3259 4364 qui
3327 4289 3443 4340 eos
3506 4263 3700 4363 parvi
3758 4261 4060 4337 facerent

1017 4416 1244 4489 neque
1295 4390 1430 4489 ipsi
1479 4391 1633 4465 Deo
1683 4388 2068 4463 tribuerent
2105 4387 2368 4463 auctori
2389 4446 2409 4475 ,
2461 4385 2779 4462 Gnostici
2820 4391 2892 4459 et
2928 4384 3415 4459 Ebionitarum
3452 4406 3613 4483 pars
3631 4441 3651 4471 ,
3702 4372 3789 4455 ex'
3824 4380 4056 4455 Eccle-

1021 4511 1158 4584 siae
1223 4510 1708 4585 communione
1759 4506 2306 4583 excluderentur.
2410 4507 2567 4581 Imo
2584 4565 2605 4595 ,
2655 4505 2781 4604 qui
2828 4503 2915 4579 iis
2964 4503 3401 4601 tribuebatur
3448 4504 3665 4578 honor
3680 4559 3700 4589 ,
3748 4499 3823 4573 in
3862 4522 4055 4597 prae-

1019 4630 1241 4730 cipuis
1285 4628 1738 4714 -Gnosticismi
1778 4626 2040 4703 caussis
2089 4626 2566 4701 numerandus
2605 4632 2733 4700 est.
2834 4622 3189 4699 Nimirum
3223 4624 3261 4697 Ι
3279 4647 3317 4697 e
3334 4648 3369 4697 s
3387 4646 3481 4696 us
3524 4619 3797 4695 disertis
3832 4617 4057 4693 verbis

1021 4751 1622 4850 pronuntiaverat,
1692 4747 2144 4825 arctissimam
2215 4746 2399 4821 inter
2463 4745 2841 4822 Ecclesiam
2859 4803 2880 4836 ‚
2956 4768 3167 4843 quam
3232 4742 3637 4823 conditurus
3698 4746 3919 4831 esset,
3984 4746 4057 4811 et
