4766 6034
1277 630 1403 692 112
1803 602 1808 606 ’
2488 626 2545 689 Η
2633 608 3121 692 E.‘v1NKE

1267 836 1300 903 ἢ
1358 842 1614 899 κοινωνῶν
1661 836 1755 895 διὰ
1806 840 1916 895 τῶν
1955 834 2180 893 ἀτόπων
2219 830 2389 909 ἔργων
2428 840 2509 910 τῷ·
2548 833 2833 912 διαβόλῳ,
2876 836 3118 904 ἅπασά-ὂς
3158 832 3353 901 ἐστιν,
3392 837 3435 896 l.
3476 837 3577 896 IV.
3623 856 3671 897 c.
3716 837 3791 897 X.
3829 858 3883 918 p.
3924 842 4044 899 263.
4078 844 4223 911 πίστις

1266 941 1330 1000 δὲ
1363 942 1519 1002 ἐστὶν
1553 939 2136 1014 ἐπολυπραγμόνητος
2173 940 2621 1014 συγκατάθεσις,
2662 939 2705 997 l.
2743 940 2847 999 IV.
2884 959 2935 999 c.
2964 939 3072 998 XI.
3106 960 3161 1019 p.
3204 942 3341 999 263.
3406 938 3580 999 Couff.
3616 946 3803 1001 tamen
3836 946 3901 1001 et'
3915 944 3951 1001 l.
3970 945 4059 1004 IV.
4088 946 4225 1006 clx,

1267 1064 1324 1123 p.
1371 1048 1480 1103 261
1505 1090 1518 1115 ,
1561 1043 1688 1103 ubi:
1731 1046 1923 1111 πίστις
1959 1043 2221 1101 niobem-2231
2257 1038 2405 1108 οἶδε,
2450 1045 2640 1101 καίτοι
2679 1039 2851 1109 ὄντας
2890 1046 3223 1113 κτίσματι,
3267 1040 3365 1099 διὰ
3399 1045 3509 1103 τοῦ
3548 1046 3901 1118 ’.ι-πόματος,
3942 1051 4026 1105 καὶ
4062 1048 4124 1115 εἰς
4155 1055 4229 1114 τὴν

1267 1147 1519 1222 ἀρχαίαν
1555 1148 1715 1222 ἄγειν
1746 1144 2176 1219 μακαριότητα,
2219 1144 2487 1225 paucique
2528 1144 2623 1205 alii
2660 1146 2721 1205 ll.
2738 1189 2753 1216 ,
2798 1144 2893 1204 ubi
2933 1146 3115 1224 paullo
3158 1144 3387 1205 meliora
3426 1143 3623 1207 dooere
3664 1146 3893 1209 videtur.

1353 1246 1456 1329 85)
1495 1249 1624 1310 vid:
1663 1252 1940 1321 Sulcum,
1983 1235 2148 1307 'stem
2187 1248 2342 1309 Eccl.
2379 1254 2424 1308 t.
2467 1249 2551 1307 Π.
2594 1248 2655 1307 in
2698 1268 2748 1315 v.
2786 1266 2845 1327 p.
2886 1250 2996 1309 725
3040 1268 3123 1328 sq.

1347 1350 1454 1431 86)
1489 1351 1621 1412 Vid.
1667 1372 1789 1412 mea
1829 1353 1987 1412 Libr.
2029 1354 2208 1429 Symb.
2249 1352 2406 1411 Εσοὶ.
2448 1354 2581 1427 qu.
2614 1350 2840 1411 Nederl.
2880 1350 2966 1412 ed.
3008 1350 3061 1431 p'.
3108 1354 3221 1411 289
3264 1372 3387 1433 sqq.
3520 1407 3531 1425 ,

1351 1453 1454 1536 87)
1493 1456 1624 1515 vid.
1667 1456 2360 1516 Baunonia-causum
2377 1500 2395 1527 ,
2438 1456 2637 1515 Lelrb.
2668 1456 2785 1517 der,
2810 1454 3039 1515 Obriaetl.
3081 1457 3661 1531 Doqmenqeechiohte,
3702 1464 3746 1517 t.
3790 1458 3840 1517 Ι.
3879 1478 3931 1538 p.
3970 1460 4087 1517 111.

1353 1558 1453 1640 88)
1493 1558 1622 1620 vid.
1667 1560 1782 1619 eiua
1821 1561 1862 1619 l.
1902 1558 1972 1619 de
2005 1558 2346 1635 ρωποι-ἱρή.
2385 1559 2807 1629 haereticorum,
2851 1558 2984 1637 Cap.
3023 1558 3187 1618 XIV.
3270 1559 3359 1619 cf.
3380 1564 3597 1631 tamen,
3631 1579 3773 1639 quae
3803 1566 3977 1621 namt
3993 1560 4229 1621 Nmnzu

1270 1664 1330 1723 in
1373 1664 1814 1738 Antiquostt'cus.
1901 1661 2058 1721 Geist
2087 1663 2182 1721 dea
2230 1661 2601 1721 strtullianua
2636 1667 2800 1722 caett.
2843 1662 2993 1721 Berl.
3040 1665 3217 1722 1825.
3259 1681 3311 1741 p.
3357 1666 3475 1721 323
3516 1682 3637 1744 sqq.
3682 1668 3801 1724 393
3844 1684 3921 1744 sq.

1351 1766 1460 1845 89)
1508 1766 1596 1825 De
1652 1766 1968 1825 cymino
2020 1764 2134 1825 vid.
2187 1766 2242 1824 J.
2312 1768 2635 1837 Gnimssn,
2690 1766 2747 1825 in
2805 1765 2942 1825 diar.
2997 1767 3065 1826 de
3118 1766 3359 1836 Fakkel,
3416 1764 3503 1825 ed.
3545 1788 3577 1827 a
3618 1767 3931 1828 smenon
3968 1768 4233 1835 uu'Erx,

1273 1893 1322 1931 a.
1369 1876 1436 1941 6,
1484 1872 1538 1941 7,
1584 1875 1616 1927 9
1663 1874 1720 1929 et
1759 1868 2178 1938 Hionvnicu,
2217 1870 2255 1928 l.
2297 1870 2336 1927 l.
2377 1889 2433 1947 p.
2478 1873 2593 1928 259
2636 1888 2760 1947 sqq.

1355 1970 1460 2051 90)
1504 1970 1910 2042 ’Τίιυδαῦἰι,”
1955 1970 2165 2050 inquit,
2225 1969 2423 2041 nfides,
2478 1970 2525 2028 ai
2566 1969 2873 2031 divinarum
2918 1969 3319 2049 scripturarum
3362 1952 3583 2031 vacillat
3622 1972 3944 2033 auctoritas:
3982 1992 4124 2057 porro
4158 1970 4237 2031 fide

1278 2074 1588 2135 'titubante
1607 2119 1622 2146 ,
1685 2074 1924 2134 charitas
1979 2072 2142 2133 etiam
2195 2072 2314 2153 ipsa
2365 2072 2689 2149 languescit.
2770 2074 2919 2132 Nam
2976 2072 3023 2131 ai
3078 2094 3113 2131 a
3163 2072 3273 2131 fide
3326 2073 3556 2153 quiaque
3608 2074 3895 2147 ceciderit,
3948 2096 3980 2135 a
4032 2075 4237 2135 charitate

1279 2178 1480 2240 uetiam
1523 2196 1748 2238 necesse
1791 2182 1874 2237 est
1915 2174 2136 2247 cadat'’,
2185 2176 2326 2252 Opp.
2367 2184 2409 2235 t.
2454 2176 2569 2235 ΠΙ.
2603 2197 2657 2257 p.
2700 2180 2794 2235 39.
2830 2181 2903 2237 A.
2987 2176 3181 2237 eQuae
3214 2165 3610 2257 nec'corpored
3642 2195 3812 2238 sensu
3844 2178 4039 2260 experti
4068 2196 4239 2247 numus,

1277 2303 1414 2343 nnec
1457 2286 1642 2341 mente
1683 2280 1898 2359 assequi
1937 2280 2204 2340 valuimus
2243 2286 2338 2339 aut
2381 2280 2622 2339 valemus
2640 2325 2653 2351 ‚
2710 2278 2789 2339 eia
2828 2278 2947 2339 sine
2986 2280 3097 2339 ulla
3130 2278 3475 2341 dubitatione
3511 2280 3783 2342 credenda
3814 2287 3937 2342 eunt
3965 2282 4184 2351 testibus,
4216 2301 4241 2338 a

1275 2386 1504 2465 aquibus
1537 2405 1632 2455 ea„
1667 2402 1807 2463 quae
1841 2382 2028 2442 divina
2065 2382 2250 2442 vocari
2283 2382 2395 2443 iam
2433 2384 2633 2443 meruit
2670 2382 2981 2463 Scriptura,
3024 2383 3278 2443 confecta
3310 2389 3427 2443 estz
3467 2383 3561 2462 qui
3590 2404 3655 2443 ea
3672 2384 3791 2444 sive
3813 2404 3909 2465 per
3928 2400 4126 2467 corpus,
4156 2384 4239 2443 sive

1277 2508 1408 2570 ’ρει-
1447 2489 1690 2549 animum
1708 2530 1724 2559 ,
1769 2485 2030 2545 divinitus
2069 2484 2276 2557 adiuti,
2321 2487 2407 2545 vel
2448 2485 2665 2556 videre,
2708 2487 2797 2545 vel
2837 2485 3001 2547 etiam
3038 2484 3353 2564 praevidere
3386 2467 3740 2566 potuerunt’',
3780 2496 3827 2548 t.
3863 2490 3961 2548 VI.
3988 2510 4038 2569 p.
4060 2494 4171 2547 346.
4190 2492 4240 2546 Δ.

1353 2589 1455 2672 91)
1501 2589 1684 2651 ,Quid
1744 2587 2114 2649 credendum?
2173 2588 2330 2650 Quae
2386 2588 2653 2665 Symbolo
2704 2588 3006 2668 apostolico
3048 2578 3463 2661 continentur”,
3500 2593 3544 2648 t.
3588 2591 3691 2649 VI.
3732 2611 3791 2670 p.
3834 2596 3946 2651 346
3986 2610 4092 2671 sqq.
4146 2588 4239 2647 Vid.

1269 2700 1325 2753 et
1365 2694 1443 2753 ib.
1485 2714 1540 2773 p.
1587 2696 1701 2751 280
1745 2696 1802 2751 et
1843 2696 1980 2751 429.
2021 2693 2095 2751 A.
2325 2746 2332 2759 ,

1283 2799 1292 2808 “
1353 2792 1456 2873 92)
1499 2797 1641 2872 Opp.
1685 2801 1727 2853 t.
1768 2794 1870 2854 VI.
1913 2816 1968 2875 p.
2015 2798 2152 2855 262.
2194 2795 2268 2854 Δ.
2309 2796 2378 2859 B.
2548 2796 2651 2876 93)
2698 2796 2841 2872 Opp.
2882 2804 2924 2855 t.
2967 2798 3073 2857 VI.
3114 2818 3169 2876 p.
3216 2800 3351 2861 276.

1199 2870 1220 2898 Ι
1353 2897 1456 2978 94)
1499 2901 1600 2959 aeIn
1655 2898 1852 2979 quibus
1907 2897 2050 2957 nihil
2103 2897 2334 2957 interest
2390 2898 2459 2958 ad
2516 2899 2905 2979 capessendum
2950 2900 3051 2960 nei
3090 2920 3351 2978 regnum,
3406 2907 3589 2961 utrum
3627 2901 3919 2963 credantur
3956 2922 4021 2962 au
4058 2920 4151 2960 nou
4184 2930 4241 2941 —

1257 3005 1360 3079 ‚ain
1417 3004 1504 3064 his
1561 3023 1741 3064 errare
1759 3049 1774 3074 ,
1827 3001 1887 3062 id
1945 3006 2058 3074 est,
2114 3000 2260 3076 aliud
2317 3021 2420 3081 pro
2477 3002 2586 3063 alio
2625 3009 2816 3085 'putare
2834 3051 2848 3075 ,
2898 3025 3011 3064 uon
3054 3003 3427 3066 arbitrandum
3470 3010 3555 3065 est
3596 2998 3713 3066 esee
3755 3010 4059 3088 peccatum3
4098 3008 4175 3063 aut
4204 3000 4240 3060 εἰ

1207 3113 1214 3118 “
1269 3114 1418 3180 nest,
1461 3108 1752 3168 minimum
1792 3127 1910 3168 esse
1949 3111 2114 3185 atque
2154 3104 2533 3174 levissimum„
2556 3113 2651 3152 -'
2678 3107 2765 3168 Ad
2807 3107 2960 3166 illam
3002 3108 3145 3168 viam
3182 3129 3295 3168 non
3334 3107 3599 3188 pertinet,
3640 3127 3751 3187 qua
3792 3109 3933 3168 imus
3972 3107 4036 3168 ad
4072 3107 4240 3166 Deum:

1267 3232 1444 3292 nquae
1483 3212 1572 3272 via
1615 3211 1752 3270 fides
1795 3216 1876 3270 est
1919 3209 2156 3279 Christi,
2201 3227 2340 3288 quae
2381 3229 2480 3288 per
2518 3209 2867 3270 dilectionem
2910 3211 3227 3290 operatur”,
3278 3211 3423 3286 Opp.
3459 3217 3499 3270 t.
3541 3211 3645 3271 VI.
3688 3233 3743 3292 p.
3792 3216 3925 3276 537.
3966 3215 4030 3272 Α.
4068 3212 4128 3270 Β.

1349 3315 1453 3392 95)
1498 3317 1640 3392 Opp.
1682 3321 1724 3375 t.
1766 3315 1869 3373 VI.
1911 3335 1968 3393 p.
2015 3316 2148 3372 346.
2191 3311 2261 3372 B.
2433 3309 2535 3392 96)
2578 3313 2720 3390 opp.
2763 3320 2804 3373 ι.
2847 3315 3013 3375 VIII.
3054 3336 3110 3395 p.
3156 3317 3331 3374 1448.
3374 3314 3444 3375 B.

1351 3417 1454 3498 97)
1509 3420 1558 3478 Ε
1611 3417 1854 3497 pluribus
1905 3418 1968 3476 ll.
2023 3413 2296 3496 probandi
2352 3433 2517 3476 causa
2570 3414 2675 3474 hos
2730 3415 2923 3476 laudo:
2984 3417 3165 3476 :Laus
3218 3416 3348 3476 fidei
3402 3418 3659 3497 explicari
3713 3439 3747 3478 a
3798 3439 3891 3479 me
3944 3419 4081 3478 nullo
4112 3413 4238 3474 modo

1269 3527 1520 3600 npoteat,
1565 3519 1662 3580 sed
1723 3541 1757 3579 a
1814 3519 2066 3579 fidelibus
2129 3518 2366 3596 cogitari
2426 3518 2669 3597 potest”,
2742 3519 2886 3595 Opp.
2952 3525 2995 3579 t.
3062 3520 3130 3577 V.
3196 3540 3249 3598 p.
3314 3524 3452 3579 304.
3516 3519 3586 3580 B.
3651 3553 3731 3566 -·
3800 3521 4055 3582 :Initium
4106 3519 4243 3577 bonae

1269 3622 1481 3695 nvitae,
1546 3621 1634 3682 cui
1693 3622 1806 3682 vita
1869 3621 2038 3681 etiam
2099 3629 2322 3682 aeterna
2383 3620 2615 3680 debetur
2631 3665 2647 3692 ,
2706 3628 2859 3680 recta
2922 3620 3057 3680 fides
3117 3628 3219 3682 est.
3300 3623 3403 3682 Est
3456 3631 3642 3684 autem
3690 3623 3830 3685 fides
3885 3624 4089 3685 credere
4130 3617 4237 3699 quod

1268 3725 1546 3785 anundum
1597 3723 1778 3784 vides:
1837 3724 1986 3784 cuius
2038 3723 2166 3784 fidei
2218 3745 2427 3784 merces
2469 3731 2553 3784 est
2592 3724 2777 3784 videre
2816 3723 2961 3803 quod
3009 3725 3247 3799 credia'’,
3288 3725 3427 3786 ibid.
3469 3747 3525 3806 p.
3574 3731 3710 3788 303.
3751 3727 3825 3786 D.
3868 3759 3945 3772 --
3990 3723 4149 3786 ,Quid
4182 3725 4243 3779 est

1270 3827 1558 3898 eet-edere,
1615 3827 1723 3886 nisi
1783 3827 2090 3888 consentire
2141 3847 2345 3907 verum·
2379 3845 2495 3886 ease
2538 3821 2685 3906 quod
2725 3826 2988 3900 dicituff’,
3030 3835 3073 3887 t.
3117 3829 3190 3888 X.
3232 3849 3286 3909 p.
3332 3833 3468 3888 351.
3510 3829 3578 3888 C.
3618 3861 3699 3872 --
3742 3829 3943 3890 'Fides
3980 3835 4057 3888 est
4086 3823 4242 3902 gradus

1267 3929 1674 4008 nintelligendi:
1731 3931 2040 3990 intellectus
2099 3935 2282 3990 autem
2341 3930 2599 3990 meritum
2659 3929 2853 4004 fidei”‚
2908 3938 2952 3992 t.
3008 3933 3120 3993 III.
3178 3951 3235 4012 p.
3278 3935 3373 3991 39.
3418 3933 3491 3990 A.
3532 3963 3611 3976 -—
3652 3931 3892 4009 Cori-ige
3926 3931 4241 3991 definitionem

1267 4043 1480 4104 atnam,
1525 4054 1635 4093 nou
1679 4041 1738 4094 ut
1777 4032 1940 4092 fidem
1985 4053 2238 4114 respuas,
2283 4031 2380 4092 sed
2420 4039 2485 4094 ut
2526 4053 2621 4104 ea,
2664 4053 2804 4112 quae
2844 4034 2974 4094 fidei
3016 4035 3277 4094 firmitate
3314 4035 3425 4093 iam
3462 4040 3649 4104 tenes,
3693 4035 3865 4094 etiam
3904 4033 4112 4094 rationis
4147 4031 4239 4087 luce

1265 4136 1624 4216 oconcpicias.
1707 4121 1874 4196 Ab'sit
1901 4156 2148 4216 namque
2164 4180 2184 4210 ,
2240 4141 2302 4194 ut
2343 4134 2454 4195 hoc
2499 4135 2559 4193 in
2608 4135 2771 4196 nobis
2818 4137 2969 4198 Deus
3015 4137 3222 4210 oderit,
3275 4137 3335 4196 in
3377 4157 3487 4216 quo
3528 4156 3629 4196 nos
3664 4137 3893 4216 reliquis
3928 4132 4241 4196 animantibus

1267 4239 1722 4301 nexcellentiores.
1769 4238 1990 4299 creavit.
2095 4237 2262 4298 Absit
2281 4282 2298 4310 ,
2361 4237 2583 4316 inquam
2602 4283 2617 4310 ,
2682 4245 2744 4298 ut
2804 4240 2929 4300 ideo
2986 4239 3269 4301 credamus
3286 4287 3302 4312 ,
3356 4259 3427 4300 ne
3482 4240 3750 4300 rationem
3804 4239 4115 4319 accipiamus
4154 4232 4241 4292 sive

1265 4364 1622 4423 :quaeramus
1637 4367 1654 4422 ;
1715 4363 1838 4404 cum
1895 4343 2062 4402 etiam
2108 4341 2328 4403 credere
2371 4361 2484 4401 non
2528 4362 2807 4422 possemus
2824 4389 2841 4416 ,
2897 4344 3004 4404 nisi
3046 4343 3341 4404 rationales
3380 4345 3591 4404 animas
3624 4343 3967 4404 haberemus.
4006 4375 4077 4388 --
4110 4337 4239 4398 Fides

1271 4447 1593 4526 upraecedat
1645 4447 1950 4518 rationem,
2007 4465 2116 4524 qua
2177 4464 2274 4505 cor
2325 4442 2646 4517 mundetur,
2699 4451 2763 4504 ut
2800 4465 3035 4522 magnae
3076 4446 3307 4506 rationis
3347 4446 3525 4527 capiat
3564 4451 3621 4507 et
3660 4448 3899 4526 perierat
3934 4447 4124 4519 lucem,
4160 4441 4241 4498 hoc

1269 4551 1489 4626 nutique
1541 4549 1768 4610 rationis
1821 4554 1921 4608 est.
1977 4581 2054 4592 —-
2110 4549 2271 4608 Haec
2327 4545 2559 4607 dixerim
2578 4593 2595 4622 ,
2652 4553 2713 4608 ut
2766 4548 2935 4608 fidem
2982 4557 3135 4610 tuam
3178 4549 3246 4610 ad
3290 4569 3531 4610 amorem
3572 4550 3967 4628 intelligentiae
4002 4547 4239 4608 cohorter,

1273 4649 1374 4710 aad
1411 4671 1572 4728 quam
1609 4650 1750 4711 ratio
1785 4672 1914 4712 vera
1945 4651 2224 4730 perducit,
2271 4657 2328 4710 et
2363 4649 2451 4710 cui
2485 4649 2622 4710 fides
2652 4650 2896 4712 animum
2929 4649 3278 4732 praeparat'’‚
3313 4661 3355 4713 t.
3390 4654 3470 4712 II.
3498 4673 3553 4733 p.
3576 4657 3691 4712 518
3718 4657 3799 4726 A.
3814 4659 3941 4733 etp.
3966 4655 4089 4712 519.
4110 4649 4243 4707 C.-

1279 4751 1480 4811 nomed
1499 4752 1802 4814 intellectui
1821 4759 2010 4813 nostro
2031 4751 2278 4817 nondum
2297 4750 2503 4824 eluxit,
2524 4773 2637 4813 non
2657 4751 2823 4815 debet
2840 4775 2875 4815 a
2892 4755 3153 4834 firmitate
3171 4754 3300 4816 fidei
3318 4755 3586 4826 dimitti’',
3606 4763 3649 4816 t.
3676 4757 3838 4817 VIII.
3859 4776 3914 4836 p.
3934 4755 4095 4814 1321.
4108 4751 4165 4809 A.
4178 4776 4241 4790 -

1265 4854 1388 4913 aeEx
1443 4855 1622 4934 aliqua
1675 4863 1828 4936 parte
1879 4876 2066 4918 verum
2119 4862 2236 4927 est,
2293 4855 2445 4934 quod
2496 4855 2591 4916 ille
2630 4843 2797 4918 dicit:
2838 4857 3142 4936 intelligam
3188 4864 3251 4920 ut
3291 4857 3542 4934 credam,
3585 4867 3642 4920 et
3676 4879 3783 4938 ego
3820 4859 3914 4939 qui
3946 4857 4091 4928 dico,
4126 4851 4241 4910 sieut
