4766 6034
1878 636 2442 709 001110.
3547 606 3728 703 m*

648 876 691 919 w
714 846 855 923 sive
900 852 1099 923 extra
1136 846 1483 923 civitatem
1530 870 1571 921 0
1608 847 1877 923 10110110
1916 848 2137 925 0111111
2182 856 2394 949 atque
2431 872 2554 949 per
2595 845 2932 923 rationem
2981 870 3118 921 non
3171 846 3326 921 dico
3377 847 3682 944 aquom·-

646 998 693 1039 ἰν
712 976 855 1057 tur,
908 968 1033 1043 sed
1082 968 1284 1044 1111100
1334 969 1821 1067 (πομπείων-Ρ

744 1089 941 1163 Num
986 1088 1241 1163 1111111111
1290 1093 1436 1174 001,
1498 1086 1911 1163 Auditoresl
1984 1086 2369 1183 doctrinam
2427 1086 2518 1161 (10
2561 1111 2700 1185 qua
2743 1086 3018 1185 agimus
3059 1085 3194 1160 alio
3243 1084 3500 1159 sensim
3557 1108 3680 1159 no-

642 1206 839 1283 mine
921 1207 1251 1307 appellari
1330 1213 1643 1306 coeptam
1728 1208 1929 1281 esse?
2047 1207 2285 1283 Simile
2365 1206 2539 1305 quid
2613 1208 2984 1305 theoloffl’ae
3063 1206 3369 1281 naturali
3431 1204 3680 1279 evenit.

646 1330 839 1419 Quae
903 1328 1005 1403 ita
1064 1352 1107 1403 a
1172 1326 1597 1401 nostratibus
1664 1326 1739 1401 in
1792 1327 2047 1426 vulgus
2096 1326 2281 1403 dicta
2324 1336 2472 1415 est,
2545 1325 2938 1425 suspicante
2995 1325 3428 1399 Hnansuno
3487 1324 3682 1397 Bou-

650 1468 909 1521 mamto
928 1504 949 1535 ,
999 1446 1143 1521 viro
1185 1470 1329 1521 uno
1362 1446 1435 1519 in
1476 1444 1715 1544 paucis
1758 1446 2189 1534 doctissimo,
2226 1429 2357 1545 per
2388 1446 2834 1521 Cumanam
2869 1444 3140 1519 Wour
3181 1443 3681 1519 auctoritatem.

646 1566 924 1641 Nomen
986 1575 1145 1664 post
1213 1566 1875 1641 Hnrnnunmcnum
1925 1566 2115 1665 apud
2160 1568 2544 1641 Germanos
2590 1564 2876 1663 quidem
2925 1564 3150 1663 magis
3200 1563 3562 1663 magisque
3611 1562 3686 1636 in

646 1684 1187 1759 desuetudinem
1225 1685 1425 1761 abiit.
1526 1686 1735 1769 Item⁸
1758 1685 1951 1785 apud
2000 1710 2129 1761 nos
2164 1684 2554 1760 obsolescit.
2631 1684 2746 1758 Ita
2789 1683 3288 1759 sententiarum
3335 1681 3684 1757 conversio

644 1828 977 1903 magnam
998 1862 1017 1893 ,
1084 1812 1167 1878 ut
1204 1805 1310 1879 ait
1350 1804 1467 1879 ille
1484 1860 1505 1893 ,
1576 1804 1669 1879 ad
1721 1827 1931 1879 usum
1974 1804 2305 1903 loquendi
2358 1804 2502 1879 vim
2542 1802 2802 1878 habere
2845 1804 3018 1878 solet
3035 1837 3076 1877 z.
3119 1801 3434 1877 nondum
3483 1824 3642 1875 vero
3661 1859 3682 1889 ,

648 1932 733 1999 ut
774 1923 946 1999 mihi
991 1923 1277 2022 quidem
1330 1922 1603 1999 videtur
1620 1980 1641 2013 ‚
1714 1930 1979 1999 tantam
2037 1931 2367 2022 quantam
2425 1930 2695 1999 mutata
2739 1924 3120 1997 multarum
3165 1921 3686 2020 disciplinarum
3773 2000 3790 2009 ,

646 2042 824 2117 ratio
866 2042 1371 2143 propemodum
1417 2042 1773 2141 postulare
1816 2043 2109 2119 videtur.
2207 2043 2367 2117 Dici
2421 2041 2608 2119 enim
2646 2043 2758 2117 vix
2801 2050 3030 2141 potest
3069 2049 3276 2142 aptus
3323 2040 3682 2117 vocabulo-

646 2184 807 2236 rum
870 2186 1043 2236 usus
1104 2186 1319 2261 quam
1378 2163 1637 2262 prosit,
1692 2162 1973 2262 ineptus
2020 2188 2231 2261 quam
2270 2170 2518 2239 noceat
2561 2163 2835 2237 veritati
2852 2221 2873 2251 ,
2921 2160 3462 2261 gravissimaque
3513 2160 3688 2235 adeo

652 2282 909 2357 damna
977 2281 1157 2357 vitae
1221 2281 1465 2381 pariat.
1566 2283 2093 2381 Nonnunquam
2136 2283 2416 2381 quidem
2435 2341 2456 2371 ,
2525 2282 2662 2358 nisi
2705 2281 2936 2370 fallor,
3001 2282 3256 2356 librum
3305 2278 3688 2355 emtoribus

644 2399 1187 2477 commendandi
1224 2422 1433 2475 causa
1468 2400 1637 2483 haec
1670 2426 1831 2500 pars
1868 2401 2448 2500 iurisprudentiae
2491 2401 2890 2476 etiamnunc
2928 2401 3040 2475 ius
3079 2399 3392 2475 naturale
3411 2457 3432 2487 ‚
3481 2398 3686 2474 ratio·

648 2518 808 2593 nale
825 2575 848 2606 ,
917 2519 1318 2593 nominatur
1332 2552 1353 2607 3
1428 2519 1745 2619 plerique
1806 2544 1965 2593 vero
2028 2519 2494 2619 physiologiae
2513 2578 2532 2609 ,
2590 2529 2921 2608 naturae,
2985 2518 3456 2619 philosophiae
3518 2516 3688 2591 iuris

653 2637 941 2711 titulum
992 2638 1429 2738 praeferuntz
1506 2648 1817 2714 servatae
1876 2638 2063 2713 enim
2094 2642 2570 2744 philosophiae
2623 2639 2954 2713 honorem
3001 2662 3240 2713 01111100
3285 2637 3418 2711 sibi
3465 2636 3686 2709 vindi-

646 2765 815 2832 cant
868 2756 1233 2856 scriptores
1252 2816 1275 2847 ,
1342 2759 1471 2858 qui
1516 2758 1721 2835 variis
1774 2757 1883 2833 his
1926 2758 2329 2833 nominibus
2370 2766 2688 2835 utuntur.
2781 2758 2892 2833 De
2939 2782 3094 2833 vera
3141 2765 3416 2833 tantum
3468 2754 3690 2856 philo-

648 2876 997 2975 sophandi
1042 2878 1305 2953 ratione
1343 2876 1439 2953 ab
1480 2877 1571 2953 iis
1616 2878 2037 2955 dissentiunt
2072 2878 2197 2979 qui
2231 2879 2410 2955 hanc
2451 2878 2586 2953 sibi
2620 2878 2747 2953 soli
2773 2902 3231 2977 arrogaverim
3239 2886 3290 2952 t.
3365 2875 3692 2967 Quaestio

652 2994 871 3098 igitur
920 3021 1058 3072 non
1108 3003 1253 3088 est,
1304 3021 1481 3074 num
1530 2996 2159 3100 philosophandum
2210 3000 2303 3077 sit
2348 3000 2438 3076 de
2483 2999 2634 3075 11110
2652 3057 2672 3089 ,
2723 2998 2846 3074 sed
2893 2998 3292 3098 quomodo?

751 3115 997 3192 Meam
1048 3116 1137 3192 de
1200 3117 1707 3217 significatione
1755 3119 2105 3193 vocabulis
2152 3129 2402 3195 natura
2453 3124 2628 3195 iuris
2681 3117 3053 3193 tribuenda
3097 3116 3510 3192 sententiam
3567 3137 3690 3190 ex·

648 3234 877 3333 posui.
982 3235 1315 3334 Superest
1383 3245 1467 3312 ut
1528 3237 1618 3312 de
1678 3245 1929 3314 natura
1976 3239 2279 3314 hominis
2330 3263 2538 3339 agam
2597 3247 2956 3338 tamquam
3003 3238 3194 3312 fonte
3244 3236 3430 3310 unde
3485 3258 3692 3309 omne

650 3353 765 3428 ius
820 3352 912 3427 sit
974 3353 1457 3430 derivandum.
1566 3355 1879 3431 Cunctae
1942 3355 2340 3454 disciplinae
2391 3364 2602 3456 atque
2647 3367 2828 3441 artes
2848 3417 2868 3447 ,
2928 3357 3339 3432 Auditores!
3391 3355 3694 3430 maxime
3829 3439 3834 3444 ⁶

650 3479 895 3546 autem
962 3497 1207 3548 earum
1272 3473 1647 3573 praecipua
1664 3533 1685 3564 ,
1754 3476 2013 3576 quippe
2075 3501 2325 3576 parens
2348 3534 2368 3566 ,
2436 3477 2908 3578 philosophia,
2983 3503 3024 3552 a
3093 3485 3342 3552 natura
3395 3474 3696 3550 hominis

654 3591 1019 3667 ducendae
1090 3601 1303 3691 atque
1346 3593 1440 3668 ad
1488 3618 1647 3668 00111
1694 3597 2139 3672 excolendam
2172 3604 2252 3672 et
2299 3597 2785 3696 perficiendam
2835 3596 3234 3670 referendae
3267 3603 3465 3670 sunt.
3551 3595 3698 3670 Ne-

656 3735 799 3810 que
852 3710 1313 3786 arctissimam
1370 3713 1687 3788 omnium
1728 3716 2309 3792 necessitudinem
2368 3741 2670 3814 cumque
2713 3725 3000 3791 naturae
3041 3716 3387 3790 humanae
3432 3714 3698 3790 unitate

650 3830 1143 3928 cognationem
1210 3855 1549 3930 umquam
1606 3833 1957 3933 negligere
2006 3834 2059 3909 ii
2110 3835 2371 3910 debent
2422 3837 2546 3934 qui
2593 3836 2888 3937 singulis
2928 3835 3370 3937 praecipuam
3418 3859 3700 3934 operam

656 3956 937 4026 navant.
1034 3949 1101 4023 Ii
1158 3957 1397 4026 tamen
1453 3975 1593 4026 11011
1670 3961 1835 4028 01110
1888 3955 2123 4030 01111110
2178 3964 2488 4054 spectare
2549 3965 2844 4055 possunt
2907 3965 2988 4030 ut
3030 3955 3328 4058 hominis
3375 3963 3694 4029 naturam

660 4067 737 4142 in
781 4093 1061 4144 omnem
1109 4078 1385 4170 partem
1432 4072 1829 4170 explorent·
1899 4075 2091 4172 quod
2154 4082 2434 4174 propter
2490 4076 2762 4173 generis
2813 4049 3104 4150 humani
3157 4073 3700 4148 imbecillitatem

658 4195 875 4287 atque
946 4189 1291 4324 peculiare
1365 4191 1807 4292 singularum
1854 4193 2339 4270 doctrinarum
2395 4181 2827 4293 piopositum
2871 4219 2964 4270 ne
3007 4217 3056 4268 a
3095 4192 3702 4292 praestantissimis

657 4307 949 4406 quidem
1002 4309 1301 4408 ingeniis
1350 4313 1739 4410 exspectari
1780 4319 2031 4412 potest.

758 4427 1139 4502 Caeterum
1214 4454 1557 4530 magnum
1618 4439 1725 4506 est
1790 4439 1863 4504 et
1920 4431 2245 4506 mirabile·
2291 4431 2482 4530 quod
2533 4455 2624 4507 ea
2665 4455 2806 4531 qua
2848 4430 3142 4506 vivimus
3181 4435 3406 4505 aetate
3457 4451 3700 4502 omnes

658 4544 1067 4646 disciplinas
1127 4573 1311 4647 quae
1350 4557 1673 4626 naturam
1718 4573 1949 4624 rerum
1987 4550 2458 4650 indagandam
2503 4551 2636 4626 sibi
2679 4559 3072 4651 proponunt
3116 4551 3208 4625 sd
3249 4573 3412 4623 eum
3457 4548 3702 4622 florem

664 4665 1063 4764 pervenisse
1114 4676 1388 4745 constat
1430 4677 1849 4770 tantumque
1896 4670 2214 4746 utilitatis
2256 4672 2562 4748 fructum
2604 4671 2842 4771 generi
2878 4671 3184 4776 humano
3226 4670 3434 4758 ferre,
3480 4693 3698 4768 quan·

666 4793 823 4861 tum
882 4811 977 4862 ex
1024 4788 1493 4866 anterioribus
1532 4789 1805 4879 nullae,
1868 4790 2013 4866 imo
2064 4815 2155 4866 ne
2204 4792 2564 4868 universae
2613 4791 2897 4892 quidem
2944 4790 3247 4866 viderint
3289 4797 3498 4890 atque
3547 4813 3700 4890 per-
