4766 6034
1842 560 2494 683 ORATIO.-
2863 562 2876 575 ⁶
3545 612 3634 680 55

592 824 1209 925 perscrutationem
1260 818 1682 899 reformidat.
1778 825 2143 899 Praeterea
2184 823 2504 899 novimus
2523 879 2544 910 ,
2594 843 2824 920 neque
2869 820 3158 897 unicum
3204 846 3334 897 nec
3377 821 3632 923 prima-

586 945 771 1019 rium
812 947 850 1019 I
868 970 909 1020 6
926 970 959 1019 s
983 969 1029 1019 ιι
1056 943 1252 1018 inter
1296 942 1610 1017 homines
1657 943 2065 1043 prodeuntis
2101 943 2317 1019 fuisse
2358 940 2724 1019 consilium
2747 998 2768 1029 ,
2818 948 2901 1015 ut
2944 941 3250 1042 aliquam
3285 940 3638 1041 religionis

588 1064 973 1140 doctrinam
1026 1088 1187 1139 cum
1236 1062 1322 1137 iis
1376 1064 1951 1141 communicaret:
2004 1071 2310 1139 attamen
2359 1088 2499 1162 quo
2546 1060 2803 1137 arctius
2847 1086 2930 1137 66
2972 1086 3154 1160 quae
3202 1061 3438 1136 docuit
3473 1085 3638 1135 cum

587 1192 735 1261 tota
788 1185 940 1259 eius
994 1207 1290 1283 persona
1348 1182 1747 1273 cohaerent,
1810 1210 1892 1259 eo
1954 1183 2213 1259 maiore
2258 1184 2410 1258 iure
2453 1180 2776 1258 intimam
2827 1206 2990 1257 cum
3049 1180 3138 1256 V.
3193 1182 3640 1256 Testamento

586 1302 1126 1379 familiaritatem
1176 1301 1251 1376 in
1311 1326 1394 1376 eo
1438 1302 1856 1401 requirimus
1873 1359 1896 1391 ‚
1960 1301 2087 1401 qui
2138 1325 2222 1376 ea
2268 1299 2658 1377 accuratius
2705 1301 3058 1401 explorare
3107 1309 3180 1376 et
3225 1300 3378 1377 aliis
3427 1324 3638 1400 expo-

586 1447 748 1499 nere
796 1421 1260 1522 aggredietur.

682 1542 929 1622 Quod
962 1550 1201 1617 autem
1266 1541 1354 1617 de
1415 1543 1453 1614 I
1469 1564 1657 1629 esu,
1721 1540 1910 1617 idem
1976 1542 2200 1642 magis
2262 1541 2476 1615 etiam
2526 1541 2616 1616 de
2658 1540 3015 1639 Apostolis
3064 1542 3247 1616 valet
3287 1538 3633 1616 omnibus.

584 1664 653 1737 A
696 1662 996 1761 pueritia
1032 1660 1313 1736 lectioni
1351 1659 1687 1735 librorum
1723 1661 1813 1737 V.
1854 1661 2179 1737 Foederis
2222 1660 2632 1750 assuefacti,
2686 1683 2772 1734 ex
2815 1684 2899 1759 eo
2945 1660 3136 1737 fonte
3167 1661 3370 1735 unice
3401 1682 3638 1758 sapere

587 1780 1005 1857 didicerant.
1056 1788 1203 1855 tam
1248 1778 1452 1878 longe
1498 1785 1737 1855 autem
1776 1777 2008 1870 abest,
2060 1787 2140 1854 ut
2187 1780 2360 1854 fides
2407 1778 2482 1853 in
2522 1780 2560 1852 I
2579 1804 2618 1853 e
2637 1806 2670 1854 s
2690 1804 2828 1855 um
2876 1780 3053 1856 illud
3111 1782 3504 1870 sustulerit,
3519 1787 3674 1887 ιιι,

584 1923 709 1998 per
749 1899 943 1975 illam
983 1898 1219 1998 potius
1268 1898 1533 1973 fuerint
1574 1898 1847 1974 inducti
1894 1900 1986 1975 ad
2034 1899 2247 1975 libros
2286 1899 2458 1973 istos
2499 1923 2678 1975 novo
2719 1924 2884 1976 cum
2929 1902 3170 1976 ardore
3213 1907 3634 2003 pertractan-

584 2020 731 2095 dos,
830 2020 943 2094 Ex
1012 2019 1099 2093 iis
1167 2017 1425 2094 scilicet
1486 2027 1897 2120 argumenta
1958 2019 2261 2119 petenda
2322 2026 2559 2109 erant,
2625 2019 2886 2118 quibus
2949 2023 2987 2095 I
3007 2046 3046 2096 e
3064 2047 3098 2097 s
3116 2046 3253 2097 um
3301 2020 3640 2096 Messiam

583 2164 735 2217 esse
797 2138 1361 2239 comprobarent:
1428 2139 1729 2215 audiatis
1771 2141 1846 2215 in
1893 2142 2091 2216 Actis
2130 2140 2625 2240 Apostolorum
2671 2140 2731 2215 P
2748 2165 2788 2215 6
2807 2148 3042 2217 trum
3090 2143 3400 2241 aliosque
3448 2141 3638 2239 Apo-

584 2261 795 2337 stolos
816 2318 837 2349 ,
886 2260 946 2335 P
964 2285 1007 2334 a
1024 2261 1267 2334 ulum
1316 2258 1524 2333 etiam
1546 2318 1567 2348 ,
1616 2260 2083 2361 Euangelium
2124 2260 2617 2336 annuntiantes
2635 2317 2656 2348 ‚
2705 2268 2777 2335 et
2815 2261 3014 2336 aliter
3057 2263 3454 2337 existimare
3494 2283 3636 2334 non

580 2379 935 2481 poteritiS,
1008 2380 1217 2479 quin,
1257 2380 1403 2477 ‘qui
1462 2380 1835 2481 Euangelii
1887 2381 2163 2469 nuncii,
2228 2381 2444 2456 iidem
2493 2380 2582 2456 V.
2640 2381 3071 2457 Testamenti
3115 2383 3374 2458 fuerint
3425 2383 3638 2456 inter-

579 2506 829 2599 pratee.
930 2500 1032 2575 At
1080 2500 1265 2575 dicat
1307 2500 1594 2599 aliquia,
1647 2502 1736 2576 (16
1784 2502 2025 2601 primis
2069 2509 2343 2577 tantum
2392 2502 2523 2577 hoc
2567 2502 2790 2577 valere
2837 2502 3302 2603 temporibus:
3384 2501 3638 2575 Iudae·

578 2646 781 2730 orum
860 2620 1120 2696 scilicet
1189 2619 1542 2721 cogitandi
1600 2621 1851 2697 rationi
1910 2622 2572 2699 accommodandam
2626 2621 2844 2697 fuisse
2894 2624 3392 2723 Apostolorum
3435 2620 3636 2696 insti-

578 2741 964 2831 tutionem3
1016 2748 1388 2842 postquam
1436 2741 1526 2817 ab
1572 2742 1709 2817 illis
1758 2742 1850 2817 ad
1898 2753 2143 2844 gentes
2192 2743 2542 2819 transierit
2585 2743 3096 2845 Euangelium,
3147 2742 3440 2817 vinculis
3486 2740 3640 2814 istis

576 2862 757 2937 illud
832 2860 1071 2937 statim
1136 2862 1350 2937 fuisse
1415 2862 1807 2938 liberatum.
1907 2864 2131 2937 Fuere
2198 2888 2468 2953 revera,
2527 2864 2722 2951 AA„
2783 2862 2908 2960 qui
2964 2862 3063 2939 ita
3125 2862 3636 2950 existimarent,

580 2981 706 3058 sed
749 2980 970 3057 invita
1007 2979 1314 3058 historia.
1414 2984 1503 3057 In
1550 2980 1857 3082 epistolis
1894 2983 1954 3059 P
1971 3009 2014 3059 a
2032 3008 2077 3057 ιι
2096 2982 2199 3072 11,
2249 3008 2430 3082 quae
2476 2983 2568 3060 ad
2609 2981 2952 3059 Ecclesias
2989 2981 3244 3083 partim
3285 3006 3324 3056 e
3357 2981 3640 3056 Iudaeis

580 3107 854 3199 partem
931 3125 971 3174 e
1038 3102 1369 3200 gentibus
1439 3110 1891 3201 congregatas
1958 3104 2249 3203 scriptae
2314 3111 2519 3192 sunt,
2571 3127 2610 3176 e
2663 3102 2753 3177 V.
2810 3103 3255 3176 Testamento
3299 3107 3638 3199 perpetuo

580 3217 1063 3293 ratiocinatur:
1134 3219 1299 3292 inde
1363 3219 1505 3294 iam
1554 3228 1708 3295 tuto
1752 3221 2089 3297 efficimus
2104 3280 2124 3310 ,
2194 3246 2333 3296 una
2376 3246 2540 3297 cum
2591 3220 2924 3320 religione
2975 3219 3367 3295 Christiana
3410 3243 3636 3293 sacros

512 3375 521 3384 ·
582 3337 1009 3412 Iudaeorum
1059 3337 1271 3412 libros
1327 3338 1416 3413 ab
1464 3339 1573 3414 his
1618 3342 1710 3416 ad
1759 3349 2004 3441 gentes
2054 3343 2428 3418 transiisse.
2547 3342 2798 3440 Neque
2849 3341 3300 3429 existimetis,
3351 3338 3636 3413 minoris

579 3457 925 3532 momenti
977 3481 1128 3532 esse
1189 3467 1601 3558 argumenta
1617 3519 1638 3550 ,
1699 3487 1879 3562 quae
1940 3469 2065 3538 aut
2118 3462 2629 3562 comparatione
2695 3477 2861 3538 cum
2912 3462 3001 3537 V.
3048 3463 3491 3536 Testamento
3544 3457 3636 3535 ab

578 3577 939 3678 Apostolis
994 3578 1465 3671 illustrentur,
1545 3588 1671 3656 aut
1736 3607 2017 3681 prorsus
2084 3607 2173 3658 ex
2239 3607 2321 3657 eo
2391 3583 2580 3656 fonte
2641 3582 2989 3658 fluxerint.
3093 3581 3237 3656 Ubi
3297 3579 3484 3655 enim
3545 3580 3634 3654 (16

580 3697 827 3773 mortis
882 3698 921 3770 I
940 3721 979 3772 6
998 3723 1031 3771 s
1050 3723 1100 3772 u
1159 3699 1445 3775 consilio
1505 3710 1765 3801 agunt,
1834 3727 1989 3778 eam
2048 3728 2211 3778 cum
2271 3703 2618 3778 sacrificiis
2666 3728 2711 3778 a
2761 3703 3009 3779 Mose
3058 3701 3396 3777 institutis
3444 3723 3634 3774 com-

582 3823 868 3917 parant:
940 3817 1063 3916 qui
1124 3843 1289 3919 ergo
1353 3821 1442 3895 de
1512 3821 1644 3897 hoc
1706 3823 2146 3922 Apostolicae
2203 3824 2558 3899 doctrinae
2619 3822 2846 3923 capite
2905 3831 3172 3924 agunt,
3223 3828 3636 3956 argumenta

585 3935 845 4034 quibus
893 3961 1093 4011 suam
1135 3937 1225 4012 de
1266 3963 1349 4014 eo
1392 3942 1805 4017 sententiam
1849 3943 2176 4031 fulciant,
2228 3968 2267 4018 e
2312 3943 2402 4019 V.
2448 3946 2892 4020 'testamento
2930 3950 3182 4042 petunt
3218 3941 3631 4017 necessaria

588 4081 814 4155 neque
855 4055 1013 4130 lites
1069 4057 1157 4131 de
1196 4058 1328 4134 hoc
1371 4060 1697 4160 dogmate
1744 4065 2066 4164 componi
2113 4089 2450 4164 umquam
2492 4072 2859 4199 poterunt,
2910 4064 3046 4139 nisi
3089 4087 3214 4162 per
3243 4067 3637 4137 accuratam

588 4175 687 4250 rei
754 4200 985 4252 sacrae
1040 4177 1231 4277 apud
1288 4179 1649 4255 Hebraeos
1711 4184 2053 4260 notitiam.
2174 4184 2379 4258 Idem
2436 4184 2523 4258 de
2571 4185 2656 4258 iis
2699 4184 2924 4259 valere
2949 4242 2968 4272 ‚
3021 4207 3198 4281 quae
3248 4181 3336 4254 de
3378 4181 3417 4253 I
3437 4204 3526 4252 es
3545 4205 3594 4252 u
3613 4237 3632 4266 ,

590 4295 941 4370 sacerdote
1018 4320 1327 4386 summo,
1403 4298 1732 4400 leguntur
1750 4360 1770 4391 ,
1846 4304 2442 4402 quemadmodum
2510 4303 2600 4378 de
2658 4304 2958 4403 Spiritus
3026 4302 3246 4378 sancti
3313 4299 3593 4374 notione
3612 4357 3633 4386 ,

588 4414 846 4512 partim
909 4412 999 4489 ab
1064 4416 1371 4515 antiquis
1430 4419 1773 4496 Hebraeis
1830 4431 2100 4513 sumta,
2152 4431 2400 4523 sponte
2451 4431 2662 4522 patet.
2768 4423 3017 4501 Quid?
3065 4422 3255 4520 quod
3297 4443 3437 4494 non
3482 4425 3632 4494 tan·

590 4541 745 4609 tum
792 4559 833 4609 6
882 4534 971 4610 V.
1016 4535 1345 4611 Foederis
1388 4537 1581 4614 libris
1600 4600 1621 4630 ,
1687 4543 1811 4618 sed
1867 4569 1953 4619 ex
2001 4543 2397 4642 aequalium
2449 4566 2728 4642 quoque
2781 4542 3128 4642 theologia
3170 4543 3392 4616 multa
3442 4543 3634 4640 Apo·

592 4655 751 4730 stoli
794 4655 869 4729 in
922 4680 1129 4732 usum
1170 4683 1378 4733 suum
1430 4668 1932 4738 converterunt.
2032 4661 2150 4737 Ad
2194 4686 2408 4737 unam
2453 4685 2854 4760 provocasse
2901 4663 3196 4738 sufficiat
3235 4660 3632 4736 Eschatolo-

596 4773 823 4872 giam:
895 4775 1073 4852 hanc
1131 4777 1257 4853 ubi
1306 4781 1588 4880 exponit
1637 4783 1901 4858 Paulus
1946 4781 2287 4882 imagines
2330 4807 2373 4857 a
2425 4781 2708 4858 Iudaeis
2744 4791 3109 4861 mutuatur
3161 4807 3402 4858 omnes
3420 4840 3441 4873 ,
3491 4805 3630 4879 qua
