4766 6034
1169 632 1295 698 156
2283 635 2361 702 G.
2441 636 2497 702 J.
2577 633 3090 704 MULDER

1263 839 1365 915 Ut
1424 842 1749 918 Hausnn
1814 842 2197 940 discipulus
2248 843 2576 944 idemque
2618 844 2881 945 patriae
2929 842 3487 931 amantissimus,
3537 843 3896 921 historiam
3944 847 4200 946 patriae

1168 962 1535 1061 praecipuo
1599 987 1829 1037 amore
1892 964 2142 1052 coluit;
2212 973 2294 1039 ut
2363 965 2684 1065 theologo
2743 970 2937 1065 patre
2992 971 3200 1039 natus
3249 971 3321 1038 et
3363 963 3514 1062 ipse
3567 965 3954 1066 theologiae
3996 967 4202 1042 desti-

1168 1089 1412 1170 natus,
1482 1082 1837 1156 historiam
1899 1083 2287 1172 Ecclesiae,
2346 1083 2694 1158 Ecclesiae
2758 1083 3164 1184 praesertim
3206 1082 3507 1183 patriae,
3556 1109 3721 1184 prae
3765 1086 4008 1161 ceteris
4057 1109 4202 1159 om-

1164 1201 1373 1293 nibus
1423 1201 1558 1277 sibi
1605 1204 2038 1279 tractandam
2088 1204 2298 1303 elegit
2348 1204 2551 1303 eique
2599 1204 3050 1278 iHustrandae
3099 1209 3332 1276 totum
3379 1227 3454 1276 se
3504 1204 3792 1279 dedidit.

1263 1321 1478 1396 Verbi
1527 1308 1744 1398 divini
1798 1325 2115 1399 minister
2168 1324 2392 1398 factus
2412 1381 2431 1412 ,
2483 1347 2704 1422 quum
2747 1347 2873 1423 per
2917 1322 3124 1397 breve
3164 1330 3443 1419 tempus
3481 1346 3562 1396 eo
3602 1346 3892 1398 munere
3927 1322 4208 1397 functus

1168 1450 1383 1530 esset,
1434 1444 1509 1516 in
1556 1444 1733 1519 hanc
1775 1445 2226 1520 Academiam
2277 1450 2558 1518 vocatus
2603 1451 2710 1517 est
2753 1451 2835 1517 ut
2881 1441 3229 1517 studiosae
3276 1442 3632 1542 juventuti
3686 1444 3776 1516 de
3823 1442 4210 1542 vigiliarum

1166 1586 1445 1636 suarum
1511 1562 1855 1639 fructibus
1903 1565 2308 1664 impertiret.
2412 1565 2664 1662 Neque
2712 1564 2935 1638 multo
2983 1570 3141 1662 post
3187 1561 3568 1637 clarissimo
3618 1563 3800 1662 patri
3855 1563 3930 1636 in
3979 1561 4207 1637 cathe-

1164 1681 1357 1756 dram
1432 1684 1779 1758 successit.
1881 1685 2131 1782 Itaque
2191 1690 2464 1784 praeter
2523 1683 2877 1758 historiam
2941 1681 3492 1757 Ecclesiasticam
3514 1740 3533 1770 ,
3607 1683 3971 1758 Patristice
4033 1707 4210 1780 quae

1164 1811 1447 1876 vocatur
1522 1813 1594 1876 et
1652 1803 1902 1878 Ethica
1971 1804 2365 1878 Christiana
2433 1805 2497 1877 ei
2551 1812 2716 1878 sunt
2759 1802 3164 1889 mandatae3
3226 1827 3524 1901 quarum
3572 1803 3858 1902 quidem
3917 1801 4213 1877 docendi

1166 1946 1488 2010 munere,
1560 1922 1791 1997 valens
1852 1921 2113 1996 viribus
2181 1931 2253 1997 et
2317 1923 2568 1998 ardens
2623 1921 2973 1997 doctrinae
3021 1945 3289 2009 amore,
3352 1947 3476 2020 per
3520 1923 3806 2022 triginta
3855 1946 4074 1996 annos
4117 1920 4216 1994 ita

1168 2043 1449 2115 functus
1500 2049 1644 2130 est,
1696 2049 1777 2115 ut
1825 2067 2213 2142 numquam
2261 2044 2334 2118 in
2388 2068 2514 2118 suo
2562 2067 2766 2142 opere
2813 2041 3199 2118 cessaverit.

1262 2163 1476 2236 Ecce!
1543 2169 1919 2261 tempestas
1980 2163 2237 2253 oritur,
2270 2171 2644 2263 prostrata
2687 2163 2873 2262 jacet
2921 2161 3159 2248 arbor,
3211 2185 3390 2259 quae
3435 2159 3645 2235 fertili
3690 2161 3765 2234 in
3817 2160 3963 2234 solo
4011 2107 4216 2234 uber-

1166 2284 1361 2358 rimis
1429 2284 1691 2358 nutrita
1754 2286 2015 2372 succis,
2080 2285 2258 2360 laete
2314 2282 2633 2383 vigebat,
2683 2290 2892 2380 atque
2939 2279 3193 2380 amplis
3242 2278 3497 2354 diffusa
3543 2280 3754 2355 ramis
3804 2281 3995 2378 larga
4033 2279 4216 2354 fruc-

1164 2413 1369 2478 tuum
1416 2404 1615 2503 copia
1662 2429 1789 2478 nos
1839 2404 2111 2480 beabat.

1262 2523 1581 2598 Profecto
1634 2523 2165 2599 RorAAnnsms
2225 2548 2365 2597 non
2435 2523 2585 2597 sine
2645 2546 2858 2596 usura
2908 2519 3212 2595 reddidit
3234 2578 3252 2607 ,
3305 2543 3484 2619 quae
3539 2547 3580 2594 a
3640 2520 3792 2595 Deo
3841 2531 4216 2620 acceperat.

1166 2643 1425 2716 Parcus
1476 2649 1624 2716 erat
1676 2643 2044 2742 temporis;
2105 2642 2313 2717 horae
2363 2641 2454 2716 ad
2508 2641 2783 2739 singula
2831 2664 3041 2739 opera
3087 2648 3403 2714 accurate
3461 2640 3894 2739 dispertitae3
3947 2665 4220 2740 semper

1171 2767 1547 2860 occupatus
1610 2761 1682 2833 in
1745 2786 1871 2836 sua
1931 2761 2348 2836 bibliotheca
2369 2819 2390 2849 ,
2441 2761 2628 2834 unde
2677 2783 2818 2834 non
2865 2759 3003 2833 nisi
3048 2759 3454 2834 necessariis
3499 2759 3796 2858 negotiis
3837 2760 4108 2834 avocari
4149 2785 4218 2834 se

1170 2879 1477 2968 sinebat;
1528 2879 1749 2955 alacer
1793 2888 1864 2956 et
1910 2881 2079 2981 vigil
2121 2881 2197 2956 in
2245 2880 2519 2968 labore;
2571 2879 2800 2980 ampla
2843 2878 3150 2979 supellex
3175 2937 3195 2967 ,
3248 2904 3384 2953 usu
3431 2878 3871 2978 splendidior.
3973 2879 4218 2956 Quan-

1168 3009 1320 3074 tum
1372 2999 1487 3075 ille
1540 2999 1796 3077 talibus
1844 3002 2226 3078 instructus
2277 2998 2646 3101 praesidiis
2693 3024 2834 3075 non
2879 3004 3226 3098 praestare
3275 3025 3416 3074 non
3467 2997 3736 3099 potuit!

1264 3120 1695 3196 Numerosae
1762 3130 1833 3195 et
1909 3122 2327 3223 multiplices
2396 3128 2565 3196 sunt
2629 3120 3244 3195 commentationes
3307 3119 3396 3194 ab
3464 3120 3584 3194 illo
3655 3118 3906 3196 editae.
4021 3121 4223 3199 Quid

1170 3250 1403 3315 autem
1458 3240 1684 3315 dicam
1735 3242 1823 3315 de
1866 3243 2019 3342 ejus
2061 3242 2550 3317 institutione?
2629 3240 2825 3318 Quid
2866 3240 2953 3313 de
2999 3240 3224 3315 omnis
3270 3240 3542 3338 generis
3584 3240 3766 3315 curis
3809 3248 3882 3315 et
3922 3241 4222 3341 negotiis

1171 3385 1350 3457 quae
1402 3384 1670 3458 semper
1716 3371 2133 3461 occupatum
2182 3360 2573 3436 tenebant?

1266 3480 1787 3578 Praeceptorem
1860 3506 1933 3555 se
1999 3481 2343 3580 praestitit
2409 3504 2716 3579 gnavum
2737 3538 2754 3566 ‚
2820 3479 3223 3577 diligentem
3249 3537 3267 3566 ,
3331 3480 3633 3555 sincerae
3679 3480 3884 3567 fidei,
3941 3479 4217 3581 integro

1171 3598 1311 3672 veri
1368 3622 1619 3673 amore.
1739 3600 2149 3698 Numquam
2196 3599 2421 3674 defuit
2467 3598 2775 3674 muneris
2823 3598 2932 3672 sui
2980 3598 3219 3672 officiis
3239 3655 3259 3685 ,
3324 3605 3614 3696 ejusque
3659 3598 4210 3675 benevolentiam

1173 3716 1541 3791 declaravit
1609 3743 1802 3792 amor
1868 3728 1940 3793 et
1999 3720 2415 3819 obsequium
2436 3778 2456 3807 ,
2532 3743 2672 3817 quo
2744 3718 2964 3816 ipsius
3029 3718 3354 3816 discipuli
3432 3743 3595 3793 eum
3665 3720 3979 3793 certatim
4047 3728 4218 3794 sunt

1175 3835 1540 3934 prosecuti.

1274 3946 1718 4057 Ubicumque
1806 3960 2177 4035 utilitatem
2261 3960 2565 4059 aliquam
2653 3958 2893 4033 afferre
2968 3946 3242 4057 posset,
3330 3957 3860 4032 RorAARnsms
3941 3966 4218 4057 praesto

1176 4083 1341 4151 erat.
1443 4076 1587 4149 Res
1646 4078 1992 4155 Ecclesiae
2056 4088 2127 4155 et
2192 4079 2511 4154 Civitatis
2585 4078 2841 4179 pariter
2917 4078 3106 4152 cordi
3190 4075 3492 4152 habebat
3513 4135 3532 4165 ,
3604 4077 3916 4175 utrisque
3991 4101 4220 4176 aeque

1172 4195 1499 4271 inserviit.
1604 4198 1800 4275 Num
1861 4200 2257 4275 mirandum
2277 4258 2297 4287 ,
2362 4199 2422 4273 si
2480 4199 2580 4273 ita
2635 4222 2708 4273 se
2764 4197 3066 4296 gerendo
3127 4204 3392 4271 tantam
3448 4196 3744 4295 adeptus
3799 4204 3908 4269 est
3956 4196 4216 4270 civium

1176 4315 1756 4392 existimationem
1780 4377 1798 4405 ‚
1863 4328 1943 4392 ut
2000 4319 2072 4394 in
2140 4318 2467 4393 omnibus
2527 4318 2736 4393 rebus
2802 4317 3232 4417 gravioribus
3283 4315 3654 4390 auctoritas
3702 4315 3854 4414 ejus
3909 4315 4216 4389 maxima

1055 4496 1071 4513 .
1176 4436 1406 4509 esset?

1272 4554 1418 4628 Vos
1466 4562 1699 4630 autem
1718 4615 1738 4644 ,
1788 4556 2110 4656 Collegae
2156 4557 2743 4657 conjunctissimi!
2798 4582 3054 4656 vosque
3077 4616 3097 4643 ,
3145 4532 3522 4631 Auditores
3545 4612 3566 4643 ,
3619 4561 3959 4654 quotquot
4009 4553 4216 4627 illum

1178 4672 1465 4747 novistis
1513 4679 1585 4747 et
1628 4674 1963 4750 dilexistis
1984 4734 2003 4764 ,
2052 4702 2293 4755 omnes
2326 4700 2602 4751 mecum
2639 4676 3103 4764 testabimini,
3152 4677 3700 4751 RorAAnnsmu
3738 4672 3951 4749 fuisse
3983 4672 4212 4749 virum

1178 4793 1441 4867 bonum
1464 4851 1485 4881 ,
1535 4793 1832 4869 amicum
1882 4796 2255 4871 candidum
2279 4856 2299 4884 ,
2350 4795 2692 4894 optimum
2741 4794 2982 4870 civem.
