4766 6034
1140 603 1267 666 154
2251 603 2328 668 G.
2409 604 3058 670 J.MULDER

1134 837 1291 885 rum
1368 813 1639 886 vinculo
1682 837 1867 888 cum
1935 812 2144 884 Alma
2216 811 2447 884 Matre
2511 811 2961 910 conjunctus,
3028 820 3262 887 tamen
3319 813 3549 888 animo
3600 821 3672 889 et
3715 814 4069 890 voluntate
4117 819 4178 892 ei

1132 932 1737 1031 conjunctissimus
1760 991 1779 1021 ,
1835 932 2013 1006 sicut
2066 932 2234 1004 haec
2277 930 2579 1004 vicissim
2619 931 2813 1005 illum
2867 957 2993 1031 pro
3038 931 3308 1007 eximiis
3353 957 3517 1032 erga
3569 959 3643 1009 se
3690 934 3956 1008 meritis
3991 959 4176 1010 ama·

1130 1053 1251 1126 bat
1320 1061 1391 1126 et
1454 1052 1758 1139 colebat;
1825 1051 2475 1125 Wosxrnannnxms
2536 1052 2849 1149 proximo
2921 1077 3104 1128 anno
3159 1077 3198 1126 e
3256 1053 3396 1128 vita
3455 1053 3773 1130 discessit
3821 1053 4020 1128 triste
4071 1056 4176 1128 sui

1126 1173 1544 1247 desiderium
1594 1173 1795 1246 nobis
1846 1172 2259 1270 relinquens,

1222 1293 1267 1363 J
1276 1317 1545 1366 umores
1592 1291 1875 1391 quidem
1926 1292 2121 1365 illum
2170 1300 2512 1366 noverunt
2555 1300 2636 1366 ut
2681 1293 3020 1367 celebrem
3066 1295 3139 1366 in
3186 1295 3316 1368 hac
3365 1295 3536 1369 urbe
3580 1293 3972 1380 medicum,
4021 1317 4174 1392 pro-

1122 1413 1395 1486 sessoris
1478 1413 1681 1487 titulo
1749 1412 2202 1511 insignitum3
2274 1413 2654 1512 praedicari
2715 1414 3128 1487 audiverunt
3190 1413 3469 1489 fidelem
3547 1423 3618 1489 et
3685 1413 3980 1488 alacrem
4049 1413 4173 1487 viri

1118 1558 1357 1607 curam
1408 1533 1481 1605 in
1534 1533 1962 1606 medicandis
2012 1533 2348 1631 aegrotiS,
2399 1558 2525 1633 pro
2578 1557 2876 1632 quorum
2927 1534 3146 1608 salute
3195 1557 3268 1607 se
3316 1533 3735 1623 devovebat;
3785 1533 4170 1633 ingenuum

1117 1653 1331 1726 animi
1396 1652 1764 1726 candorem
1787 1710 1806 1740 ,
1878 1651 1967 1727 ab
2040 1653 2233 1726 omni
2296 1653 2584 1728 artificio
2648 1662 2719 1727 et
2789 1653 2949 1728 fuco
3019 1654 3364 1741 alienum;
3440 1652 3860 1728 indefessam
3921 1652 4171 1726 laboris

1113 1774 1519 1871 patientiam
1546 1831 1564 1860 ‚
1616 1797 1755 1870 qua
1804 1772 1951 1847 dies
1995 1781 2371 1872 noctesque
2408 1798 2534 1873 pro
2574 1776 2866 1848 aliorum
2907 1774 3285 1848 commodis
3331 1774 3612 1873 vigilare
3649 1773 3742 1847 ad
3781 1779 4168 1847 extremum

1117 1918 1338 1992 usque
1409 1893 1727 1993 spiritum
1804 1917 1943 1967 non
2018 1893 2303 1969 destitit.
2407 1895 2670 1969 Audite
2743 1895 2950 1970 modo
3015 1920 3169 1982 eos,
3237 1917 3412 1993 quos
3461 1893 3694 1968 dubiis
3743 1901 3816 1967 et
3865 1893 4168 1968 sollicitis

1116 2015 1185 2086 in
1231 2013 1442 2087 rebus
1491 2013 1775 2086 consilio
1822 2020 1894 2087 et
1935 2037 2065 2112 ope
2101 2012 2318 2112 juvit:
2373 2023 2797 2115 quantopere
2837 2016 3037 2089 illum
3081 2021 3360 2101 amant,
3411 2013 3738 2102 laudant,
3789 2013 4165 2088 extollunt!

1114 2133 1431 2208 Profecto
1483 2133 1606 2230 qui
1655 2133 1754 2206 ita
1802 2157 1875 2207 se
1923 2133 2179 2232 gessit,
2230 2157 2369 2208 non
2421 2135 2674 2210 frustra
2721 2135 2972 2209 vixisse
3022 2135 3376 2234 putandus
3426 2143 3552 2211 est.

1212 2253 1532 2329 Seniores
1595 2277 1751 2327 vero
1810 2253 2482 2330 Womnannnxmm
2535 2264 2873 2330 noverunt
2919 2255 3311 2329 Medicinae
3360 2254 3824 2329 Professorem
3875 2263 3947 2329 et
3992 2255 4166 2330 Aca·

1112 2374 1419 2448 demicae
1480 2372 1867 2472 juventutis
1932 2373 2222 2462 ducem;
2299 2399 2432 2474 ego
2487 2376 2676 2474 ipse,
2739 2377 2861 2475 qui
2913 2399 3101 2450 nunc
3150 2376 3242 2450 ad
3295 2399 3416 2449 vos
3470 2374 3753 2474 loquor,
3815 2397 4036 2448 unum
4085 2399 4166 2448 ex

1109 2495 1257 2592 ejus
1328 2494 1685 2591 discipulis
1757 2517 1871 2566 me
1934 2493 2147 2567 fuisse
2214 2504 2456 2593 gratus
2511 2522 2829 2595 agnosco,
2931 2499 3210 2582 Quare,
3265 2496 3322 2569 si
3375 2519 3515 2569 non
3565 2495 3674 2569 lex
3721 2491 4000 2592 juberet
4051 2477 4166 2568 de*-

1108 2614 1469 2686 cedentem
1532 2614 1901 2686 Rectorem
1956 2612 2442 2689 defunctorum
2487 2616 2962 2691 Professorum
3012 2615 3416 2690 memoriam
3463 2615 3758 2690 recolere
3783 2671 3802 2701 ,
3853 2613 4006 2712 ipsa
4054 2640 4165 2688 me

1108 2734 1329 2830 pietas
1373 2733 1651 2831 juberet
1702 2731 1933 2806 dilecti
1982 2736 2442 2833 praeceptoris
2491 2736 2906 2810 meminisse.

1210 2853 1612 2926 MAtr'rmAs
1684 2853 2096 2938 Germania,
2169 2852 2272 2926 vir
2338 2853 2860 2941 celeberrimus,
2933 2854 3134 2952 cujus
3181 2877 3435 2928 nomen
3489 2854 3562 2927 in
3611 2853 3825 2952 hujus
3869 2850 4166 2926 civitatis

1106 2979 1177 3047 et
1242 2973 1669 3048 Academiae
1730 2971 2061 3047 memoria
2126 2995 2398 3072 semper
2455 2973 2884 3063 inhaerebit,
2949 2975 3322 3049 GnuNsms
3388 2972 3563 3063 fuit,
3631 2971 3753 3072 qui
3803 2971 4163 3047 Won'rnn·

1104 3118 1435 3169 auxum
1498 3094 1829 3193 juvenem
1895 3093 1970 3167 in
2030 3094 2432 3194 Aesculapii
2501 3096 2842 3195 templum
2909 3094 3201 3168 deduxit
3273 3103 3347 3169 et
3387 3088 3736 3193 'augustis
3813 3116 4162 3167 sacrorum

1100 3214 1367 3289 arcanis
1416 3211 1735 3287 initiavit.
1836 3211 2115 3310 Dignus
2165 3212 2289 3289 tali
2330 3215 2662 3313 magistro
2711 3214 3094 3312 discipulus
3141 3216 3448 3314 primum
3508 3240 3580 3288 se
3637 3214 3710 3287 in
3765 3212 3892 3287 hac
3947 3211 4160 3300 urbe,

1102 3335 1175 3407 in
1224 3358 1365 3431 qua
1408 3339 1615 3406 natus
1660 3340 1728 3405 et
1770 3331 2105 3406 educatus
2146 3340 2330 3420 erat,
2380 3332 2473 3406 ad
2513 3332 2928 3407 medicinam
2965 3333 3416 3408 factitandam
3461 3332 3815 3432 applicuit.
3884 3332 4156 3405 Deinde

1040 3474 1045 3481 ·
1102 3454 1364 3527 Medici
1428 3451 1827 3527 Academici
1892 3451 2097 3526 titulo
2152 3459 2261 3525 est
2311 3458 2615 3527 ornatus
2687 3453 3067 3551 Aliquanto
3111 3477 3268 3529 vero
3321 3463 3517 3553 post,
3567 3460 3842 3527 mortuo
3885 3474 4149 3539 prmo,

1104 3574 1177 3645 in
1248 3572 1459 3670 hujus
1524 3570 1921 3645 cathedram
1992 3578 2273 3644 vocatus
2334 3579 2480 3659 est,
2546 3595 2686 3645 non
2731 3574 2958 3670 quod,
3023 3582 3106 3647 ut
3141 3574 3308 3648 civis
3357 3574 3568 3672 hujus
3607 3571 3798 3647 urbis
3855 3580 3928 3645 et
3973 3574 4149 3645 Aca-

1106 3692 1375 3765 demiae
1445 3690 1759 3764 medicus
1780 3748 1801 3777 ,
1867 3691 2019 3789 ipsa
2078 3690 2278 3789 quasi
2341 3692 2852 3767 necessitudine
2901 3692 3500 3767 commendaretur
3549 3692 3641 3767 ad
3702 3692 4154 3767 obtinendam

1106 3810 1525 3909 provinciam
1594 3833 1807 3908 quam
1860 3818 2165 3910 optaret:
2227 3834 2269 3885 a
2309 3812 2434 3885 tali
2471 3814 3066 3889 commendatione
3107 3836 3312 3887 nemo
3353 3820 3500 3887 erat
3545 3813 4151 3887 Won‘rnnnmsmo

1103 3930 1427 4005 alienior:
1506 3952 1933 4029 quamquam
2006 3932 2355 4030 quomodo
2417 3956 2528 4007 res
2587 3943 2742 4008 acta
2811 3934 2902 4007 sit
2966 3933 3208 4032 ignoro
3232 3990 3252 4020 ,
3319 3940 3552 4007 tamen
3613 3933 3738 4006 viri
3788 3931 4148 4031 ingenium

1104 4058 1177 4125 et
1230 4049 1505 4125 animus
1560 4049 1885 4124 omnibus
1930 4051 2203 4151 pignori
2258 4061 2424 4127 sunt
2444 4110 2465 4142 ,
2517 4053 2733 4129 solam
2778 4078 2917 4152 qua
2963 4052 3322 4127 fruebatur
3369 4052 3828 4150 experientiae
3879 4061 3951 4126 et
3993 4076 4148 4125 eru·

1104 4171 1385 4246 ditionis
1430 4170 2009 4245 existimationem
2054 4172 2359 4247 effecisse
2378 4232 2400 4261 ,
2451 4188 2532 4247 ut
2572 4175 2872 4249 Praxeos
2917 4172 3234 4247 Medicae
3279 4169 3622 4269 professor
3659 4180 4022 4246 crearetur.

1199 4292 1439 4366 Talem
1491 4314 1655 4363 eum
1704 4314 1945 4365 omnes
1988 4292 2308 4367 novimus
2328 4351 2347 4381 ,
2399 4292 2749 4370 medicum
2795 4294 2870 4367 in
2919 4293 3114 4392 praxi
3163 4292 3703 4366 versatissimum
3722 4350 3741 4381 ,
3793 4293 3942 4367 dies
3983 4316 4144 4367 noc·

1106 4420 1351 4507 tesque
1423 4409 1496 4483 in
1572 4408 1795 4507 aegris
1850 4410 2173 4484 curandis
2221 4418 2657 4510 occupatum.
2759 4412 2960 4484 Num·
2997 4436 3161 4511 ergo
3207 4412 3494 4487 scientia
3538 4412 3605 4486 ei
3653 4412 3924 4487 defuit?
3973 4436 4146 4487 num

1107 4527 1331 4601 defuit
1378 4536 1695 4601 accurata
1728 4528 2029 4627 cognitio
2074 4554 2313 4605 eorum
2337 4589 2356 4619 ,
2418 4528 2676 4628 quibus
2724 4530 2795 4603 in
2847 4531 3078 4629 amplo
3131 4532 3514 4607 medicinae
3555 4556 3799 4632 campo
3844 4556 4020 4606 nova
4069 4532 4145 4605 in

1106 4648 1255 4721 dies
1313 4646 1592 4720 inventa
1667 4648 2084 4745 pariuntur?
2182 4650 2484 4723 Tantum
2539 4648 2770 4738 abest,
2829 4658 2908 4723 ut
2956 4650 3228 4727 difficile
3281 4651 3372 4726 sit
3413 4651 3606 4727 dictu
3625 4710 3646 4739 ,
3703 4659 3940 4726 utrum
3982 4651 4144 4751 plus

1108 4766 1406 4864 lectioni·
1432 4790 1521 4841 an
1572 4767 2038 4842 exercitationi
2086 4767 2424 4842 tribuerit.
