<?xml version="1.0" encoding="UTF-8"?>
<!DOCTYPE html PUBLIC "-//W3C//DTD XHTML 1.0 Transitional//EN"
    "http://www.w3.org/TR/xhtml1/DTD/xhtml1-transitional.dtd">
<html xmlns="http://www.w3.org/1999/xhtml" xml:lang="en" lang="en">
 <head>
  <title>
</title>
<meta http-equiv="Content-Type" content="text/html;charset=utf-8" />
  <meta name='ocr-system' content='tesseract 3.04.00' />
  <meta name='ocr-capabilities' content='ocr_page ocr_carea ocr_par ocr_line ocrx_word'/>
</head>
<body>
  <div class='ocr_page' id='page_1' title='image "annalesacademic02confgoog_0308.png"; bbox 0 0 4766 6034; ppageno 0'>
   <div class='ocr_carea' id='block_1_1' title="bbox 1136 624 3111 698">
    <p class='ocr_par' dir='ltr' id='par_1_1' title="bbox 1136 624 3111 698">
     <span class='ocr_line' id='line_1_1' title="bbox 1136 624 3111 698; baseline 0.003 -7"><span class='ocrx_word' id='word_1_1' title='bbox 1136 624 1220 691; x_wconf 87' lang='grc'><strong>16</strong></span> <span class='ocrx_word' id='word_1_2' title='bbox 2199 628 2265 694; x_wconf 85' lang='lat' dir='ltr'><strong>F.</strong></span> <span class='ocrx_word' id='word_1_3' title='bbox 2351 628 3111 698; x_wconf 74' lang='lat' dir='ltr'><strong>G.KR11³:GER</strong></span> 
     </span>
    </p>
   </div>
   <div class='ocr_carea' id='block_1_2' title="bbox 1116 833 4157 4907">
    <p class='ocr_par' dir='ltr' id='par_1_2' title="bbox 1131 833 4157 1274">
     <span class='ocr_line' id='line_1_2' title="bbox 1141 833 4155 930; baseline 0.004 -23"><span class='ocrx_word' id='word_1_4' title='bbox 1141 833 1734 908; x_wconf 65' lang='lat' dir='ltr'><strong>Wr&#39;r&#39;rnnsacnn</strong></span> <span class='ocrx_word' id='word_1_5' title='bbox 1805 856 1976 908; x_wconf 88' lang='lat' dir='ltr'><strong>usus</strong></span> <span class='ocrx_word' id='word_1_6' title='bbox 2045 840 2153 909; x_wconf 89' lang='lat' dir='ltr'><strong>est</strong></span> <span class='ocrx_word' id='word_1_7' title='bbox 2213 859 2352 912; x_wconf 92' lang='lat' dir='ltr'><strong>non</strong></span> <span class='ocrx_word' id='word_1_8' title='bbox 2422 839 2649 914; x_wconf 89' lang='lat' dir='ltr'><strong>solum</strong></span> <span class='ocrx_word' id='word_1_9' title='bbox 2716 838 3193 930; x_wconf 88' lang='lat' dir='ltr'><strong>institutione,</strong></span> <span class='ocrx_word' id='word_1_10' title='bbox 3252 838 3378 914; x_wconf 86' lang='lat' dir='ltr'><strong>sed</strong></span> <span class='ocrx_word' id='word_1_11' title='bbox 3420 839 3631 916; x_wconf 86' lang='lat' dir='ltr'><strong>etiam</strong></span> <span class='ocrx_word' id='word_1_12' title='bbox 3680 839 4155 918; x_wconf 73' lang='lat' dir='ltr'><strong>familiaritate:</strong></span> 
     </span>
     <span class='ocr_line' id='line_1_3' title="bbox 1135 954 4157 1056; baseline 0.002 -26"><span class='ocrx_word' id='word_1_13' title='bbox 1135 955 1441 1056; x_wconf 84' lang='lat' dir='ltr'><strong>optimae</strong></span> <span class='ocrx_word' id='word_1_14' title='bbox 1488 954 1675 1030; x_wconf 91' lang='lat' dir='ltr'><strong>enim</strong></span> <span class='ocrx_word' id='word_1_15' title='bbox 1732 955 1880 1055; x_wconf 87' lang='lat' dir='ltr'><strong>spei</strong></span> <span class='ocrx_word' id='word_1_16' title='bbox 1925 954 2196 1031; x_wconf 86' lang='lat' dir='ltr'><strong>iuvenis</strong></span> <span class='ocrx_word' id='word_1_17' title='bbox 2238 981 2283 1030; x_wconf 87' lang='lat' dir='ltr'><strong>a</strong></span> <span class='ocrx_word' id='word_1_18' title='bbox 2327 954 2939 1032; x_wconf 68' lang='lat' dir='ltr'><strong>Wrrrnusacmo</strong></span> <span class='ocrx_word' id='word_1_19' title='bbox 2997 982 3137 1032; x_wconf 94' lang='lat' dir='ltr'><strong>non</strong></span> <span class='ocrx_word' id='word_1_20' title='bbox 3196 957 3461 1048; x_wconf 86' lang='lat' dir='ltr'><strong>solum,</strong></span> <span class='ocrx_word' id='word_1_21' title='bbox 3510 959 3635 1034; x_wconf 82' lang='lat' dir='ltr'><strong>sed</strong></span> <span class='ocrx_word' id='word_1_22' title='bbox 3680 961 3893 1036; x_wconf 87' lang='lat' dir='ltr'><strong>etiam</strong></span> <span class='ocrx_word' id='word_1_23' title='bbox 3932 987 3977 1036; x_wconf 88' lang='lat' dir='ltr'><strong>a</strong></span> <span class='ocrx_word' id='word_1_24' title='bbox 4010 959 4157 1036; x_wconf 79' lang='lat' dir='ltr'><strong>Vim</strong></span> 
     </span>
     <span class='ocr_line' id='line_1_4' title="bbox 1136 1076 4156 1178; baseline 0.002 -28"><span class='ocrx_word' id='word_1_25' title='bbox 1136 1076 1535 1152; x_wconf 88' lang='lat' dir='ltr'><strong>Clarissimo</strong></span> <span class='ocrx_word' id='word_1_26' title='bbox 1577 1077 2039 1154; x_wconf 72' lang='lat' dir='ltr'><strong>Hmaonnro</strong></span> <span class='ocrx_word' id='word_1_27' title='bbox 2094 1099 2192 1152; x_wconf 75' lang='lat' dir='ltr'><strong>nn</strong></span> <span class='ocrx_word' id='word_1_28' title='bbox 2235 1077 2489 1176; x_wconf 82' lang='lat' dir='ltr'><strong>Boscn</strong></span> <span class='ocrx_word' id='word_1_29' title='bbox 2536 1077 2795 1176; x_wconf 87' lang='lat' dir='ltr'><strong>dignus</strong></span> <span class='ocrx_word' id='word_1_30' title='bbox 2835 1085 2943 1154; x_wconf 85' lang='lat' dir='ltr'><strong>est</strong></span> <span class='ocrx_word' id='word_1_31' title='bbox 2982 1077 3267 1154; x_wconf 88' lang='lat' dir='ltr'><strong>habitus</strong></span> <span class='ocrx_word' id='word_1_32' title='bbox 3285 1135 3308 1168; x_wconf 87' lang='lat'>,</span> <span class='ocrx_word' id='word_1_33' title='bbox 3356 1102 3569 1178; x_wconf 88' lang='lat' dir='ltr'><strong>quem</strong></span> <span class='ocrx_word' id='word_1_34' title='bbox 3616 1081 3999 1158; x_wconf 84' lang='lat' dir='ltr'><strong>amicorum</strong></span> <span class='ocrx_word' id='word_1_35' title='bbox 4044 1105 4156 1158; x_wconf 88' lang='lat' dir='ltr'><strong>nu-</strong></span> 
     </span>
     <span class='ocr_line' id='line_1_5' title="bbox 1131 1197 1854 1274; baseline 0.001 -1"><span class='ocrx_word' id='word_1_36' title='bbox 1131 1222 1324 1273; x_wconf 90' lang='lat' dir='ltr'><strong>mero</strong></span> <span class='ocrx_word' id='word_1_37' title='bbox 1365 1197 1854 1274; x_wconf 73' lang='lat' dir='ltr'><strong>adscriberent.</strong></span> 
     </span>
    </p>

    <p class='ocr_par' dir='ltr' id='par_1_3' title="bbox 1130 1314 4155 1660">
     <span class='ocr_line' id='line_1_6' title="bbox 1231 1314 4155 1399; baseline 0.001 -6"><span class='ocrx_word' id='word_1_38' title='bbox 1231 1316 1450 1393; x_wconf 88' lang='lat' dir='ltr'><strong>Hisce</strong></span> <span class='ocrx_word' id='word_1_39' title='bbox 1539 1317 1838 1392; x_wconf 88' lang='lat' dir='ltr'><strong>ducibus</strong></span> <span class='ocrx_word' id='word_1_40' title='bbox 1926 1316 2264 1393; x_wconf 85' lang='lat' dir='ltr'><strong>solidioris</strong></span> <span class='ocrx_word' id='word_1_41' title='bbox 2327 1317 2679 1394; x_wconf 88' lang='lat' dir='ltr'><strong>doctrinae</strong></span> <span class='ocrx_word' id='word_1_42' title='bbox 2746 1317 2969 1393; x_wconf 85' lang='lat' dir='ltr'><strong>firmis</strong></span> <span class='ocrx_word' id='word_1_43' title='bbox 3030 1314 3231 1394; x_wconf 85' lang='lat' dir='ltr'><strong>iactis</strong></span> <span class='ocrx_word' id='word_1_44' title='bbox 3291 1317 3767 1399; x_wconf 77' lang='lat' dir='ltr'><strong>fundamentis</strong></span> <span class='ocrx_word' id='word_1_45' title='bbox 3826 1321 3905 1396; x_wconf 90' lang='lat' dir='ltr'><strong>in</strong></span> <span class='ocrx_word' id='word_1_46' title='bbox 3972 1320 4155 1396; x_wconf 86' lang='lat' dir='ltr'><strong>semi-</strong></span> 
     </span>
     <span class='ocr_line' id='line_1_7' title="bbox 1130 1437 4155 1574; baseline 0.001 -60"><span class='ocrx_word' id='word_1_47' title='bbox 1130 1439 1325 1514; x_wconf 89' lang='lat' dir='ltr'><strong>nario</strong></span> <span class='ocrx_word' id='word_1_48' title='bbox 1389 1438 2125 1538; x_wconf 86' lang='lat' dir='ltr'><strong>Teleiobaptistarum,</strong></span> <span class='ocrx_word' id='word_1_49' title='bbox 2192 1437 2382 1574; x_wconf 79' lang='lat' dir='ltr'><strong>quod</strong></span> <span class='ocrx_word' id='word_1_50' title='bbox 2458 1438 2533 1513; x_wconf 91' lang='lat' dir='ltr'><strong>in</strong></span> <span class='ocrx_word' id='word_1_51' title='bbox 2594 1439 2839 1514; x_wconf 84' lang='lat' dir='ltr'><strong>eadem</strong></span> <span class='ocrx_word' id='word_1_52' title='bbox 2900 1440 3072 1513; x_wconf 89' lang='lat' dir='ltr'><strong>urbe</strong></span> <span class='ocrx_word' id='word_1_53' title='bbox 3137 1439 3335 1515; x_wconf 88' lang='lat' dir='ltr'><strong>floret</strong></span> <span class='ocrx_word' id='word_1_54' title='bbox 3352 1499 3375 1530; x_wconf 84' lang='lat'>‚</span> <span class='ocrx_word' id='word_1_55' title='bbox 3448 1440 3835 1541; x_wconf 84' lang='lat' dir='ltr'><strong>theologiae</strong></span> <span class='ocrx_word' id='word_1_56' title='bbox 3897 1463 4155 1540; x_wconf 86' lang='lat' dir='ltr'><strong>operam</strong></span> 
     </span>
     <span class='ocr_line' id='line_1_8' title="bbox 1131 1558 4155 1695; baseline 0 -60"><span class='ocrx_word' id='word_1_57' title='bbox 1131 1560 1295 1635; x_wconf 90' lang='lat' dir='ltr'><strong>dare</strong></span> <span class='ocrx_word' id='word_1_58' title='bbox 1365 1559 1627 1660; x_wconf 90' lang='lat' dir='ltr'><strong>coepit,</strong></span> <span class='ocrx_word' id='word_1_59' title='bbox 1696 1583 1780 1695; x_wconf 84' lang='lat' dir='ltr'><strong>eo</strong></span> <span class='ocrx_word' id='word_1_60' title='bbox 1836 1558 2150 1633; x_wconf 91' lang='lat' dir='ltr'><strong>omnium</strong></span> <span class='ocrx_word' id='word_1_61' title='bbox 2215 1558 2466 1634; x_wconf 88' lang='lat' dir='ltr'><strong>virium</strong></span> <span class='ocrx_word' id='word_1_62' title='bbox 2526 1559 2913 1635; x_wconf 86' lang='lat' dir='ltr'><strong>intentione</strong></span> <span class='ocrx_word' id='word_1_63' title='bbox 2988 1583 3273 1659; x_wconf 84' lang='lat' dir='ltr'><strong>pergere</strong></span> <span class='ocrx_word' id='word_1_64' title='bbox 3336 1567 3627 1636; x_wconf 86' lang='lat' dir='ltr'><strong>conatus</strong></span> <span class='ocrx_word' id='word_1_65' title='bbox 3645 1618 3670 1651; x_wconf 86' lang='lat'>‚</span> <span class='ocrx_word' id='word_1_66' title='bbox 3732 1568 3818 1636; x_wconf 88' lang='grc' dir='ltr'><strong>ιιι</strong></span> <span class='ocrx_word' id='word_1_67' title='bbox 3884 1560 4155 1636; x_wconf 86' lang='lat' dir='ltr'><strong>idoneus</strong></span> 
     </span>
    </p>

    <p class='ocr_par' dir='ltr' id='par_1_4' title="bbox 1119 1799 4157 2983">
     <span class='ocr_line' id='line_1_9' title="bbox 1234 1799 4153 1905; baseline 0 -31"><span class='ocrx_word' id='word_1_68' title='bbox 1234 1802 1324 1876; x_wconf 92' lang='lat' dir='ltr'><strong>In</strong></span> <span class='ocrx_word' id='word_1_69' title='bbox 1391 1800 1641 1875; x_wconf 88' lang='lat' dir='ltr'><strong>studiis</strong></span> <span class='ocrx_word' id='word_1_70' title='bbox 1707 1799 2108 1900; x_wconf 78' lang='lat' dir='ltr'><strong>theologicis</strong></span> <span class='ocrx_word' id='word_1_71' title='bbox 2157 1825 2380 1899; x_wconf 88' lang='lat' dir='ltr'><strong>quum</strong></span> <span class='ocrx_word' id='word_1_72' title='bbox 2441 1802 2743 1876; x_wconf 88' lang='lat' dir='ltr'><strong>virorum</strong></span> <span class='ocrx_word' id='word_1_73' title='bbox 2808 1799 3365 1875; x_wconf 76' lang='lat' dir='ltr'><strong>Clarissimorum</strong></span> <span class='ocrx_word' id='word_1_74' title='bbox 3386 1857 3410 1888; x_wconf 86' lang='lat'>,</span> <span class='ocrx_word' id='word_1_75' title='bbox 3479 1799 3911 1875; x_wconf 72' lang='lat' dir='ltr'><strong>Hassmnx</strong></span> <span class='ocrx_word' id='word_1_76' title='bbox 3930 1859 3951 1889; x_wconf 85' lang='lat'>,</span> <span class='ocrx_word' id='word_1_77' title='bbox 4006 1799 4153 1905; x_wconf 30' lang='lat' dir='ltr'><strong>,Ko-</strong></span> 
     </span>
     <span class='ocr_line' id='line_1_10' title="bbox 1136 1919 4157 2021; baseline 0 -28"><span class='ocrx_word' id='word_1_78' title='bbox 1136 1945 1581 1997; x_wconf 72' lang='lat' dir='ltr'>NYNENBURG</span> <span class='ocrx_word' id='word_1_79' title='bbox 1643 1928 1717 1996; x_wconf 88' lang='lat' dir='ltr'><strong>et</strong></span> <span class='ocrx_word' id='word_1_80' title='bbox 1764 1943 1912 1995; x_wconf 67' lang='lat' dir='ltr'><strong>vau</strong></span> <span class='ocrx_word' id='word_1_81' title='bbox 1964 1919 2290 1996; x_wconf 74' lang='lat' dir='ltr'><strong>Hmfflar</strong></span> <span class='ocrx_word' id='word_1_82' title='bbox 2341 1921 2620 2021; x_wconf 88' lang='lat' dir='ltr'><strong>egregia</strong></span> <span class='ocrx_word' id='word_1_83' title='bbox 2665 1921 3103 1996; x_wconf 90' lang='lat' dir='ltr'><strong>institutione</strong></span> <span class='ocrx_word' id='word_1_84' title='bbox 3144 1919 3431 1994; x_wconf 88' lang='lat' dir='ltr'><strong>mirifice</strong></span> <span class='ocrx_word' id='word_1_85' title='bbox 3484 1919 3970 2009; x_wconf 81' lang='lat' dir='ltr'><strong>adiuvaretur,</strong></span> <span class='ocrx_word' id='word_1_86' title='bbox 4020 1930 4157 1994; x_wconf 88' lang='lat' dir='ltr'><strong>tum</strong></span> 
     </span>
     <span class='ocr_line' id='line_1_11' title="bbox 1128 2038 4157 2140; baseline 0 -27"><span class='ocrx_word' id='word_1_87' title='bbox 1128 2040 1260 2115; x_wconf 90' lang='lat' dir='ltr'><strong>hoc</strong></span> <span class='ocrx_word' id='word_1_88' title='bbox 1310 2040 1376 2113; x_wconf 91' lang='lat' dir='ltr'><strong>ei</strong></span> <span class='ocrx_word' id='word_1_89' title='bbox 1434 2038 1910 2114; x_wconf 87' lang='lat' dir='ltr'><strong>felicissimum</strong></span> <span class='ocrx_word' id='word_1_90' title='bbox 1959 2039 2431 2138; x_wconf 85' lang='lat' dir='ltr'><strong>exoptatissim</strong></span> <span class='ocrx_word' id='word_1_91' title='bbox 2440 2065 2700 2140; x_wconf 90' lang='lat' dir='ltr'><strong>umque</strong></span> <span class='ocrx_word' id='word_1_92' title='bbox 2748 2040 3057 2128; x_wconf 81' lang='lat' dir='ltr'><strong>exstitit,</strong></span> <span class='ocrx_word' id='word_1_93' title='bbox 3122 2039 3314 2139; x_wconf 90' lang='lat' dir='ltr'><strong>quod</strong></span> <span class='ocrx_word' id='word_1_94' title='bbox 3382 2041 3584 2116; x_wconf 90' lang='lat' dir='ltr'><strong>firmo</strong></span> <span class='ocrx_word' id='word_1_95' title='bbox 3646 2039 3989 2116; x_wconf 82' lang='lat' dir='ltr'><strong>amicitiae</strong></span> <span class='ocrx_word' id='word_1_96' title='bbox 4058 2046 4157 2133; x_wconf 84' lang='lat' dir='ltr'><strong>(ex</strong></span> 
     </span>
     <span class='ocr_line' id='line_1_12' title="bbox 1129 2159 4157 2295; baseline -0.001 -59"><span class='ocrx_word' id='word_1_97' title='bbox 1129 2161 1374 2237; x_wconf 89' lang='lat' dir='ltr'><strong>codem</strong></span> <span class='ocrx_word' id='word_1_98' title='bbox 1435 2161 1789 2237; x_wconf 84' lang='lat' dir='ltr'><strong>literarum</strong></span> <span class='ocrx_word' id='word_1_99' title='bbox 1858 2161 2360 2260; x_wconf 87' lang='lat' dir='ltr'><strong>elegantiorum</strong></span> <span class='ocrx_word' id='word_1_100' title='bbox 2419 2185 2651 2236; x_wconf 87' lang='lat' dir='ltr'><strong>amore</strong></span> <span class='ocrx_word' id='word_1_101' title='bbox 2713 2161 3290 2262; x_wconf 83' lang='lat' dir='ltr'><strong>ingeniorumque</strong></span> <span class='ocrx_word' id='word_1_102' title='bbox 3338 2160 3563 2260; x_wconf 86' lang='lat' dir='ltr'><strong>pulcri</strong></span> <span class='ocrx_word' id='word_1_103' title='bbox 3606 2159 3912 2295; x_wconf 88' lang='lat' dir='ltr'><strong>bonique</strong></span> <span class='ocrx_word' id='word_1_104' title='bbox 3964 2184 4157 2235; x_wconf 89' lang='lat' dir='ltr'><strong>sensu</strong></span> 
     </span>
     <span class='ocr_line' id='line_1_13' title="bbox 1129 2279 4153 2415; baseline -0 -60"><span class='ocrx_word' id='word_1_105' title='bbox 1129 2282 1563 2358; x_wconf 89' lang='lat' dir='ltr'><strong>imbutorum</strong></span> <span class='ocrx_word' id='word_1_106' title='bbox 1613 2279 1945 2356; x_wconf 88' lang='lat' dir='ltr'><strong>affinitate</strong></span> <span class='ocrx_word' id='word_1_107' title='bbox 1994 2282 2300 2380; x_wconf 89' lang='lat' dir='ltr'><strong>quadam</strong></span> <span class='ocrx_word' id='word_1_108' title='bbox 2351 2289 2585 2376; x_wconf 88' lang='lat' dir='ltr'><strong>natae)</strong></span> <span class='ocrx_word' id='word_1_109' title='bbox 2641 2283 2916 2358; x_wconf 90' lang='lat' dir='ltr'><strong>vinculo</strong></span> <span class='ocrx_word' id='word_1_110' title='bbox 2957 2280 3507 2415; x_wconf 86' lang='lat' dir='ltr'><strong>coniungebatur</strong></span> <span class='ocrx_word' id='word_1_111' title='bbox 3544 2306 3708 2357; x_wconf 89' lang='lat' dir='ltr'><strong>cum</strong></span> <span class='ocrx_word' id='word_1_112' title='bbox 3748 2279 3951 2370; x_wconf 86' lang='lat' dir='ltr'><strong>viris,</strong></span> <span class='ocrx_word' id='word_1_113' title='bbox 4002 2304 4153 2378; x_wconf 89' lang='lat' dir='ltr'><strong>quo-</strong></span> 
     </span>
     <span class='ocr_line' id='line_1_14' title="bbox 1125 2401 4153 2502; baseline -0.001 -24"><span class='ocrx_word' id='word_1_114' title='bbox 1125 2428 1284 2478; x_wconf 90' lang='lat' dir='ltr'><strong>rum</strong></span> <span class='ocrx_word' id='word_1_115' title='bbox 1327 2403 1606 2502; x_wconf 88' lang='lat' dir='ltr'><strong>egregia</strong></span> <span class='ocrx_word' id='word_1_116' title='bbox 1645 2403 1732 2478; x_wconf 93' lang='lat' dir='ltr'><strong>de</strong></span> <span class='ocrx_word' id='word_1_117' title='bbox 1769 2402 2018 2477; x_wconf 88' lang='lat' dir='ltr'><strong>litteris</strong></span> <span class='ocrx_word' id='word_1_118' title='bbox 2064 2401 2306 2502; x_wconf 87' lang='lat' dir='ltr'><strong>patriis</strong></span> <span class='ocrx_word' id='word_1_119' title='bbox 2343 2404 2591 2478; x_wconf 87' lang='lat' dir='ltr'><strong>merita</strong></span> <span class='ocrx_word' id='word_1_120' title='bbox 2632 2404 2857 2502; x_wconf 87' lang='lat' dir='ltr'><strong>patria</strong></span> <span class='ocrx_word' id='word_1_121' title='bbox 2896 2410 3096 2502; x_wconf 86' lang='lat' dir='ltr'><strong>grato</strong></span> <span class='ocrx_word' id='word_1_122' title='bbox 3134 2401 3369 2478; x_wconf 88' lang='lat' dir='ltr'><strong>animo</strong></span> <span class='ocrx_word' id='word_1_123' title='bbox 3410 2401 3689 2490; x_wconf 87' lang='lat' dir='ltr'><strong>recolit,</strong></span> <span class='ocrx_word' id='word_1_124' title='bbox 3738 2401 4001 2500; x_wconf 89' lang='lat' dir='ltr'><strong>quique</strong></span> <span class='ocrx_word' id='word_1_125' title='bbox 4042 2424 4153 2475; x_wconf 90' lang='lat' dir='ltr'><strong>suo</strong></span> 
     </span>
     <span class='ocr_line' id='line_1_15' title="bbox 1129 2520 4153 2623; baseline -0.001 -26"><span class='ocrx_word' id='word_1_126' title='bbox 1129 2524 1427 2623; x_wconf 87' lang='lat' dir='ltr'><strong>quisque</strong></span> <span class='ocrx_word' id='word_1_127' title='bbox 1468 2524 1618 2598; x_wconf 91' lang='lat' dir='ltr'><strong>loco</strong></span> <span class='ocrx_word' id='word_1_128' title='bbox 1661 2522 2084 2598; x_wconf 89' lang='lat' dir='ltr'><strong>celeberrimi</strong></span> <span class='ocrx_word' id='word_1_129' title='bbox 2111 2530 2276 2597; x_wconf 88' lang='lat' dir='ltr'><strong>sunt</strong></span> <span class='ocrx_word' id='word_1_130' title='bbox 2312 2520 2476 2598; x_wconf 84' lang='lat' dir='ltr'><strong>facti</strong></span> <span class='ocrx_word' id='word_1_131' title='bbox 2492 2582 2513 2613; x_wconf 92' lang='lat'>‚</span> <span class='ocrx_word' id='word_1_132' title='bbox 2550 2524 2979 2599; x_wconf 60' lang='lat' dir='ltr'><strong>Kaumana</strong></span> <span class='ocrx_word' id='word_1_133' title='bbox 3024 2522 3178 2598; x_wconf 88' lang='lat' dir='ltr'><strong>dico</strong></span> <span class='ocrx_word' id='word_1_134' title='bbox 3195 2580 3218 2613; x_wconf 88' lang='lat'><em>,</em></span> <span class='ocrx_word' id='word_1_135' title='bbox 3264 2522 3627 2598; x_wconf 70' lang='lat' dir='ltr'><strong>Davum(</strong></span> <span class='ocrx_word' id='word_1_136' title='bbox 3650 2523 3991 2596; x_wconf 68' lang='lat' dir='ltr'><strong>Iacoamr</strong></span> <span class='ocrx_word' id='word_1_137' title='bbox 4022 2543 4153 2594; x_wconf 67' lang='lat' dir='ltr'><strong>vm</strong></span> 
     </span>
     <span class='ocr_line' id='line_1_16' title="bbox 1123 2641 4153 2735; baseline -0.002 -17"><span class='ocrx_word' id='word_1_138' title='bbox 1123 2643 1462 2732; x_wconf 65' lang='lat' dir='ltr'><strong>Lanam,</strong></span> <span class='ocrx_word' id='word_1_139' title='bbox 1513 2643 1764 2717; x_wconf 64' lang='lat' dir='ltr'><strong>Ianum</strong></span> <span class='ocrx_word' id='word_1_140' title='bbox 1810 2665 1950 2717; x_wconf 68' lang='lat' dir='ltr'><strong>‘rau</strong></span> <span class='ocrx_word' id='word_1_141' title='bbox 1987 2643 2238 2717; x_wconf 78' lang='lat' dir='ltr'><strong>Bnmx</strong></span> <span class='ocrx_word' id='word_1_142' title='bbox 2257 2702 2279 2735; x_wconf 85' lang='lat'>‚</span> <span class='ocrx_word' id='word_1_143' title='bbox 2329 2642 2573 2719; x_wconf 83' lang='lat' dir='ltr'><strong>fratres</strong></span> <span class='ocrx_word' id='word_1_144' title='bbox 2630 2669 2729 2719; x_wconf 78' lang='lat' dir='ltr'><strong>nn</strong></span> <span class='ocrx_word' id='word_1_145' title='bbox 2768 2643 3025 2720; x_wconf 78' lang='lat' dir='ltr'><strong>Vama.</strong></span> <span class='ocrx_word' id='word_1_146' title='bbox 3110 2643 3281 2718; x_wconf 88' lang='lat' dir='ltr'><strong>Illos</strong></span> <span class='ocrx_word' id='word_1_147' title='bbox 3318 2641 3711 2718; x_wconf 85' lang='lat' dir='ltr'><strong>nominasse</strong></span> <span class='ocrx_word' id='word_1_148' title='bbox 3748 2641 4039 2730; x_wconf 74' lang='lat' dir='ltr'><strong>sufficit,</strong></span> <span class='ocrx_word' id='word_1_149' title='bbox 4082 2645 4153 2713; x_wconf 87' lang='lat' dir='ltr'><strong>ut</strong></span> 
     </span>
     <span class='ocr_line' id='line_1_17' title="bbox 1123 2761 4151 2861; baseline -0.001 -23"><span class='ocrx_word' id='word_1_150' title='bbox 1123 2763 1573 2838; x_wconf 88' lang='lat' dir='ltr'><strong>manifestum</strong></span> <span class='ocrx_word' id='word_1_151' title='bbox 1614 2762 1739 2837; x_wconf 89' lang='lat' dir='ltr'><strong>fiat</strong></span> <span class='ocrx_word' id='word_1_152' title='bbox 1771 2761 1946 2861; x_wconf 89' lang='lat' dir='ltr'><strong>quid</strong></span> <span class='ocrx_word' id='word_1_153' title='bbox 1983 2762 2571 2840; x_wconf 72' lang='lat' dir='ltr'><strong>Srnonnsazxrns</strong></span> <span class='ocrx_word' id='word_1_154' title='bbox 2608 2789 2648 2838; x_wconf 91' lang='lat' dir='ltr'><strong>e</strong></span> <span class='ocrx_word' id='word_1_155' title='bbox 2688 2764 2934 2840; x_wconf 88' lang='lat' dir='ltr'><strong>talium</strong></span> <span class='ocrx_word' id='word_1_156' title='bbox 2968 2763 3271 2838; x_wconf 85' lang='lat' dir='ltr'><strong>virorum</strong></span> <span class='ocrx_word' id='word_1_157' title='bbox 3312 2761 3775 2838; x_wconf 82' lang='lat' dir='ltr'><strong>familiaritate</strong></span> <span class='ocrx_word' id='word_1_158' title='bbox 3814 2761 4151 2837; x_wconf 73' lang='lat' dir='ltr'><strong>stuctumn</strong></span> 
     </span>
     <span class='ocr_line' id='line_1_18' title="bbox 1119 2883 1520 2983; baseline 0.005 -25"><span class='ocrx_word' id='word_1_159' title='bbox 1119 2883 1520 2983; x_wconf 88' lang='lat' dir='ltr'><strong>perceperit.</strong></span> 
     </span>
    </p>

    <p class='ocr_par' dir='ltr' id='par_1_5' title="bbox 1116 3001 4151 4907">
     <span class='ocr_line' id='line_1_19' title="bbox 1219 3001 4151 3110; baseline -0.002 -30"><span class='ocrx_word' id='word_1_160' title='bbox 1219 3005 1459 3105; x_wconf 87' lang='lat' dir='ltr'><strong>Atque</strong></span> <span class='ocrx_word' id='word_1_161' title='bbox 1503 3030 1668 3081; x_wconf 92' lang='lat' dir='ltr'><strong>eum</strong></span> <span class='ocrx_word' id='word_1_162' title='bbox 1714 3005 2300 3084; x_wconf 69' lang='lat' dir='ltr'><strong>Smeansanxms</strong></span> <span class='ocrx_word' id='word_1_163' title='bbox 2321 3068 2342 3099; x_wconf 89' lang='lat'>,</span> <span class='ocrx_word' id='word_1_164' title='bbox 2394 3036 2535 3109; x_wconf 92' lang='lat' dir='ltr'><strong>quo</strong></span> <span class='ocrx_word' id='word_1_165' title='bbox 2575 3016 2885 3110; x_wconf 88' lang='lat' dir='ltr'><strong>tempore</strong></span> <span class='ocrx_word' id='word_1_166' title='bbox 2933 3003 3441 3089; x_wconf 88' lang='lat' dir='ltr'><strong>Amstelodami</strong></span> <span class='ocrx_word' id='word_1_167' title='bbox 3486 3002 3876 3079; x_wconf 74' lang='lat' dir='ltr'><strong>studiorum</strong></span> <span class='ocrx_word' id='word_1_168' title='bbox 3913 3001 4151 3077; x_wconf 81' lang='lat' dir='ltr'><strong>fecerat</strong></span> 
     </span>
     <span class='ocr_line' id='line_1_20' title="bbox 1121 3121 4151 3227; baseline -0.002 -28"><span class='ocrx_word' id='word_1_169' title='bbox 1121 3125 1434 3201; x_wconf 88' lang='lat' dir='ltr'><strong>tirocinia</strong></span> <span class='ocrx_word' id='word_1_170' title='bbox 1451 3184 1471 3215; x_wconf 91' lang='lat'><em>,</em></span> <span class='ocrx_word' id='word_1_171' title='bbox 1539 3151 1614 3201; x_wconf 86' lang='lat' dir='ltr'><strong>se</strong></span> <span class='ocrx_word' id='word_1_172' title='bbox 1681 3126 2155 3227; x_wconf 85' lang='lat' dir='ltr'><strong>praestiterat,</strong></span> <span class='ocrx_word' id='word_1_173' title='bbox 2230 3138 2311 3205; x_wconf 91' lang='grc' dir='ltr'><strong>ιιι</strong></span> <span class='ocrx_word' id='word_1_174' title='bbox 2371 3131 2756 3206; x_wconf 82' lang='lat' dir='ltr'><strong>multorum</strong></span> <span class='ocrx_word' id='word_1_175' title='bbox 2822 3127 3056 3203; x_wconf 90' lang='lat' dir='ltr'><strong>oculos</strong></span> <span class='ocrx_word' id='word_1_176' title='bbox 3122 3126 3197 3200; x_wconf 91' lang='lat' dir='ltr'><strong>in</strong></span> <span class='ocrx_word' id='word_1_177' title='bbox 3257 3151 3333 3201; x_wconf 91' lang='lat' dir='ltr'><strong>se</strong></span> <span class='ocrx_word' id='word_1_178' title='bbox 3390 3132 3853 3211; x_wconf 87' lang='lat' dir='ltr'><strong>converteret,</strong></span> <span class='ocrx_word' id='word_1_179' title='bbox 3920 3121 4043 3221; x_wconf 87' lang='lat' dir='ltr'><strong>qui</strong></span> <span class='ocrx_word' id='word_1_180' title='bbox 4090 3128 4151 3195; x_wconf 89' lang='lat' dir='ltr'><strong>et</strong></span> 
     </span>
     <span class='ocr_line' id='line_1_21' title="bbox 1125 3236 4150 3347; baseline -0.001 -29"><span class='ocrx_word' id='word_1_181' title='bbox 1125 3247 1516 3321; x_wconf 85' lang='lat' dir='ltr'><strong>universam</strong></span> <span class='ocrx_word' id='word_1_182' title='bbox 1579 3247 2032 3323; x_wconf 85' lang='lat' dir='ltr'><strong>adolescentis</strong></span> <span class='ocrx_word' id='word_1_183' title='bbox 2102 3249 2316 3324; x_wconf 85' lang='lat' dir='ltr'><strong>vitam</strong></span> <span class='ocrx_word' id='word_1_184' title='bbox 2379 3247 2667 3323; x_wconf 86' lang='lat' dir='ltr'><strong>mirifice</strong></span> <span class='ocrx_word' id='word_1_185' title='bbox 2710 3246 3138 3347; x_wconf 88' lang='lat' dir='ltr'><strong>probabant,</strong></span> <span class='ocrx_word' id='word_1_186' title='bbox 3200 3250 3273 3318; x_wconf 88' lang='lat' dir='ltr'><strong>et</strong></span> <span class='ocrx_word' id='word_1_187' title='bbox 3318 3236 3840 3319; x_wconf 79' lang='lat' dir='ltr'><strong>admirabantur</strong></span> <span class='ocrx_word' id='word_1_188' title='bbox 3892 3264 4150 3315; x_wconf 88' lang='lat' dir='ltr'><strong>morum</strong></span> 
     </span>
     <span class='ocr_line' id='line_1_22' title="bbox 1129 3361 4149 3469; baseline -0.002 -30"><span class='ocrx_word' id='word_1_189' title='bbox 1129 3365 1540 3465; x_wconf 84' lang='lat' dir='ltr'><strong>elegantiam</strong></span> <span class='ocrx_word' id='word_1_190' title='bbox 1565 3425 1586 3454; x_wconf 91' lang='lat'>,</span> <span class='ocrx_word' id='word_1_191' title='bbox 1661 3366 2129 3465; x_wconf 88' lang='lat' dir='ltr'><strong>eloquentiam</strong></span> <span class='ocrx_word' id='word_1_192' title='bbox 2195 3376 2267 3442; x_wconf 87' lang='lat' dir='ltr'><strong>et</strong></span> <span class='ocrx_word' id='word_1_193' title='bbox 2333 3367 2755 3469; x_wconf 85' lang='lat' dir='ltr'><strong>singularem</strong></span> <span class='ocrx_word' id='word_1_194' title='bbox 2821 3391 2962 3466; x_wconf 88' lang='lat' dir='ltr'><strong>qua</strong></span> <span class='ocrx_word' id='word_1_195' title='bbox 3022 3366 3165 3441; x_wconf 89' lang='lat' dir='ltr'><strong>iam</strong></span> <span class='ocrx_word' id='word_1_196' title='bbox 3241 3374 3395 3439; x_wconf 92' lang='lat' dir='ltr'><strong>tum</strong></span> <span class='ocrx_word' id='word_1_197' title='bbox 3462 3362 3841 3439; x_wconf 88' lang='lat' dir='ltr'><strong>excellebat</strong></span> <span class='ocrx_word' id='word_1_198' title='bbox 3886 3361 4149 3459; x_wconf 85' lang='lat' dir='ltr'><strong>linguae</strong></span> 
     </span>
     <span class='ocr_line' id='line_1_23' title="bbox 1127 3478 4151 3588; baseline -0.002 -29"><span class='ocrx_word' id='word_1_199' title='bbox 1127 3486 1625 3561; x_wconf 88' lang='lat' dir='ltr'><strong>Neerlandicae</strong></span> <span class='ocrx_word' id='word_1_200' title='bbox 1673 3487 2052 3565; x_wconf 84' lang='lat' dir='ltr'><strong>scientiam.</strong></span> <span class='ocrx_word' id='word_1_201' title='bbox 2154 3490 2358 3567; x_wconf 86' lang='lat' dir='ltr'><strong>Quae</strong></span> <span class='ocrx_word' id='word_1_202' title='bbox 2418 3488 2695 3588; x_wconf 88' lang='lat' dir='ltr'><strong>singula</strong></span> <span class='ocrx_word' id='word_1_203' title='bbox 2762 3511 2983 3587; x_wconf 89' lang='lat' dir='ltr'><strong>quum</strong></span> <span class='ocrx_word' id='word_1_204' title='bbox 3027 3483 3218 3559; x_wconf 88' lang='lat' dir='ltr'><strong>verbi</strong></span> <span class='ocrx_word' id='word_1_205' title='bbox 3264 3484 3481 3558; x_wconf 89' lang='lat' dir='ltr'><strong>divini</strong></span> <span class='ocrx_word' id='word_1_206' title='bbox 3522 3484 3760 3558; x_wconf 83' lang='lat' dir='ltr'><strong>futuro</strong></span> <span class='ocrx_word' id='word_1_207' title='bbox 3806 3478 4151 3578; x_wconf 85' lang='lat' dir='ltr'><strong>interpreti</strong></span> 
     </span>
     <span class='ocr_line' id='line_1_24' title="bbox 1127 3603 4145 3707; baseline -0.001 -28"><span class='ocrx_word' id='word_1_208' title='bbox 1127 3629 1442 3680; x_wconf 88' lang='lat' dir='ltr'><strong>summae</strong></span> <span class='ocrx_word' id='word_1_209' title='bbox 1489 3604 1631 3679; x_wconf 88' lang='lat' dir='ltr'><strong>sint</strong></span> <span class='ocrx_word' id='word_1_210' title='bbox 1669 3605 1864 3680; x_wconf 88' lang='lat' dir='ltr'><strong>laudi</strong></span> <span class='ocrx_word' id='word_1_211' title='bbox 1914 3608 2331 3707; x_wconf 87' lang='lat' dir='ltr'><strong>egregioque</strong></span> <span class='ocrx_word' id='word_1_212' title='bbox 2383 3616 2788 3684; x_wconf 85' lang='lat' dir='ltr'><strong>ornamento</strong></span> <span class='ocrx_word' id='word_1_213' title='bbox 2806 3667 2825 3697; x_wconf 92' lang='lat'>‚</span> <span class='ocrx_word' id='word_1_214' title='bbox 2874 3605 3051 3681; x_wconf 87' lang='lat' dir='ltr'><strong>nihil</strong></span> <span class='ocrx_word' id='word_1_215' title='bbox 3092 3610 3199 3679; x_wconf 90' lang='lat' dir='ltr'><strong>est</strong></span> <span class='ocrx_word' id='word_1_216' title='bbox 3244 3603 3436 3703; x_wconf 90' lang='lat' dir='ltr'><strong>quod</strong></span> <span class='ocrx_word' id='word_1_217' title='bbox 3480 3603 3813 3678; x_wconf 88' lang='lat' dir='ltr'><strong>miremur</strong></span> <span class='ocrx_word' id='word_1_218' title='bbox 3857 3603 4145 3699; x_wconf 61' lang='lat' dir='ltr'><strong>Saum</strong></span> 
     </span>
     <span class='ocr_line' id='line_1_25' title="bbox 1123 3720 4145 3823; baseline -0.001 -25"><span class='ocrx_word' id='word_1_219' title='bbox 1123 3748 1380 3799; x_wconf 74' lang='lat' dir='ltr'><strong>annm</strong></span> <span class='ocrx_word' id='word_1_220' title='bbox 1447 3747 1702 3800; x_wconf 92' lang='lat' dir='ltr'><strong>nomen</strong></span> <span class='ocrx_word' id='word_1_221' title='bbox 1775 3726 1990 3806; x_wconf 80' lang='lat' dir='ltr'><strong>brevi,</strong></span> <span class='ocrx_word' id='word_1_222' title='bbox 2031 3728 2130 3802; x_wconf 87' lang='lat' dir='ltr'><strong>ita</strong></span> <span class='ocrx_word' id='word_1_223' title='bbox 2191 3728 2629 3817; x_wconf 85' lang='lat' dir='ltr'><strong>inclaruisse,</strong></span> <span class='ocrx_word' id='word_1_224' title='bbox 2697 3736 2779 3803; x_wconf 91' lang='lat' dir='ltr'><strong>ut</strong></span> <span class='ocrx_word' id='word_1_225' title='bbox 2844 3726 3036 3803; x_wconf 88' lang='lat' dir='ltr'><strong>haud</strong></span> <span class='ocrx_word' id='word_1_226' title='bbox 3096 3725 3197 3800; x_wconf 87' lang='lat' dir='ltr'><strong>ita</strong></span> <span class='ocrx_word' id='word_1_227' title='bbox 3246 3724 3468 3799; x_wconf 90' lang='lat' dir='ltr'><strong>multo</strong></span> <span class='ocrx_word' id='word_1_228' title='bbox 3526 3732 3687 3823; x_wconf 88' lang='lat' dir='ltr'><strong>post</strong></span> <span class='ocrx_word' id='word_1_229' title='bbox 3751 3722 3985 3798; x_wconf 88' lang='lat' dir='ltr'><strong>studia</strong></span> <span class='ocrx_word' id='word_1_230' title='bbox 4028 3720 4145 3794; x_wconf 86' lang='lat' dir='ltr'><strong>rite</strong></span> 
     </span>
     <span class='ocr_line' id='line_1_26' title="bbox 1123 3842 4145 3941; baseline -0.001 -22"><span class='ocrx_word' id='word_1_231' title='bbox 1123 3844 1440 3921; x_wconf 86' lang='lat' dir='ltr'><strong>absoluta</strong></span> <span class='ocrx_word' id='word_1_232' title='bbox 1531 3846 1962 3923; x_wconf 88' lang='lat' dir='ltr'><strong>Doccumam</strong></span> <span class='ocrx_word' id='word_1_233' title='bbox 2055 3847 2426 3923; x_wconf 84' lang='lat' dir='ltr'><strong>arcessitus</strong></span> <span class='ocrx_word' id='word_1_234' title='bbox 2512 3850 2603 3923; x_wconf 90' lang='lat' dir='ltr'><strong>sit</strong></span> <span class='ocrx_word' id='word_1_235' title='bbox 2697 3848 2887 3923; x_wconf 88' lang='lat' dir='ltr'><strong>verbi</strong></span> <span class='ocrx_word' id='word_1_236' title='bbox 2972 3844 3212 3921; x_wconf 91' lang='lat' dir='ltr'><strong>Divini</strong></span> <span class='ocrx_word' id='word_1_237' title='bbox 3302 3844 3377 3918; x_wconf 92' lang='lat' dir='ltr'><strong>in</strong></span> <span class='ocrx_word' id='word_1_238' title='bbox 3469 3842 4145 3941; x_wconf 84' lang='lat' dir='ltr'><strong>Teleiobaptistarum</strong></span> 
     </span>
     <span class='ocr_line' id='line_1_27' title="bbox 1127 3958 4143 4067; baseline -0.001 -30"><span class='ocrx_word' id='word_1_239' title='bbox 1127 3963 1436 4041; x_wconf 86' lang='lat' dir='ltr'><strong>Ecclesia</strong></span> <span class='ocrx_word' id='word_1_240' title='bbox 1479 3964 1834 4055; x_wconf 75' lang='lat' dir='ltr'><strong>minister-3</strong></span> <span class='ocrx_word' id='word_1_241' title='bbox 1885 3992 2026 4065; x_wconf 88' lang='lat' dir='ltr'><strong>qua</strong></span> <span class='ocrx_word' id='word_1_242' title='bbox 2071 3966 2146 4041; x_wconf 91' lang='lat' dir='ltr'><strong>in</strong></span> <span class='ocrx_word' id='word_1_243' title='bbox 2191 3967 2486 4042; x_wconf 84' lang='lat' dir='ltr'><strong>statione</strong></span> <span class='ocrx_word' id='word_1_244' title='bbox 2532 3993 2655 4067; x_wconf 89' lang='lat' dir='ltr'><strong>per</strong></span> <span class='ocrx_word' id='word_1_245' title='bbox 2696 3968 2872 4043; x_wconf 87' lang='lat' dir='ltr'><strong>duos</strong></span> <span class='ocrx_word' id='word_1_246' title='bbox 2920 3990 3137 4043; x_wconf 87' lang='lat' dir='ltr'><strong>annos</strong></span> <span class='ocrx_word' id='word_1_247' title='bbox 3194 3964 3450 4042; x_wconf 88' lang='lat' dir='ltr'><strong>mansit</strong></span> <span class='ocrx_word' id='word_1_248' title='bbox 3464 3998 3483 4053; x_wconf 91' lang='lat'>;</span> <span class='ocrx_word' id='word_1_249' title='bbox 3532 4006 3637 4024; x_wconf 89' lang='lat'><strong>—-</strong></span> <span class='ocrx_word' id='word_1_250' title='bbox 3680 3964 3810 4037; x_wconf 86' lang='lat' dir='ltr'><strong>viri</strong></span> <span class='ocrx_word' id='word_1_251' title='bbox 3850 3962 4033 4037; x_wconf 89' lang='lat' dir='ltr'><strong>enim</strong></span> <span class='ocrx_word' id='word_1_252' title='bbox 4078 3958 4143 4035; x_wconf 90' lang='lat' dir='ltr'><strong>in</strong></span> 
     </span>
     <span class='ocr_line' id='line_1_28' title="bbox 1131 4082 4141 4179; baseline -0.001 -22"><span class='ocrx_word' id='word_1_253' title='bbox 1131 4084 1278 4158; x_wconf 89' lang='lat' dir='ltr'><strong>dies</strong></span> <span class='ocrx_word' id='word_1_254' title='bbox 1323 4092 1528 4161; x_wconf 88' lang='lat' dir='ltr'><strong>aucta</strong></span> <span class='ocrx_word' id='word_1_255' title='bbox 1572 4083 1758 4161; x_wconf 87' lang='lat' dir='ltr'><strong>fama</strong></span> <span class='ocrx_word' id='word_1_256' title='bbox 1803 4093 1874 4161; x_wconf 89' lang='lat' dir='ltr'><strong>et</strong></span> <span class='ocrx_word' id='word_1_257' title='bbox 1913 4088 2417 4165; x_wconf 87' lang='lat' dir='ltr'><strong>existimatione</strong></span> <span class='ocrx_word' id='word_1_258' title='bbox 2436 4149 2457 4179; x_wconf 91' lang='lat'>‚</span> <span class='ocrx_word' id='word_1_259' title='bbox 2524 4090 2615 4165; x_wconf 90' lang='lat' dir='ltr'><strong>ad</strong></span> <span class='ocrx_word' id='word_1_260' title='bbox 2662 4090 2905 4166; x_wconf 83' lang='lat' dir='ltr'><strong>altiora</strong></span> <span class='ocrx_word' id='word_1_261' title='bbox 2950 4086 3273 4163; x_wconf 85' lang='lat' dir='ltr'><strong>evocatus</strong></span> <span class='ocrx_word' id='word_1_262' title='bbox 3315 4093 3387 4160; x_wconf 88' lang='lat' dir='ltr'><strong>et</strong></span> <span class='ocrx_word' id='word_1_263' title='bbox 3424 4086 3499 4159; x_wconf 91' lang='lat' dir='ltr'><strong>in</strong></span> <span class='ocrx_word' id='word_1_264' title='bbox 3540 4107 3821 4160; x_wconf 86' lang='lat' dir='ltr'><strong>arenam</strong></span> <span class='ocrx_word' id='word_1_265' title='bbox 3878 4082 4141 4158; x_wconf 68' lang='lat' dir='ltr'><strong>descen-</strong></span> 
     </span>
     <span class='ocr_line' id='line_1_29' title="bbox 1128 4204 4141 4310; baseline -0.002 -31"><span class='ocrx_word' id='word_1_266' title='bbox 1128 4205 1290 4280; x_wconf 86' lang='lat' dir='ltr'><strong>dere</strong></span> <span class='ocrx_word' id='word_1_267' title='bbox 1335 4204 1568 4280; x_wconf 88' lang='lat' dir='ltr'><strong>iussus</strong></span> <span class='ocrx_word' id='word_1_268' title='bbox 1613 4214 1758 4296; x_wconf 88' lang='lat' dir='ltr'><strong>est,</strong></span> <span class='ocrx_word' id='word_1_269' title='bbox 1821 4207 1896 4281; x_wconf 91' lang='lat' dir='ltr'><strong>in</strong></span> <span class='ocrx_word' id='word_1_270' title='bbox 1945 4232 2086 4307; x_wconf 88' lang='lat' dir='ltr'><strong>qua</strong></span> <span class='ocrx_word' id='word_1_271' title='bbox 2133 4212 2460 4310; x_wconf 86' lang='lat' dir='ltr'><strong>perpauci</strong></span> <span class='ocrx_word' id='word_1_272' title='bbox 2505 4211 2735 4287; x_wconf 89' lang='lat' dir='ltr'><strong>adhuc</strong></span> <span class='ocrx_word' id='word_1_273' title='bbox 2794 4208 3207 4308; x_wconf 85' lang='lat' dir='ltr'><strong>gladiatores</strong></span> <span class='ocrx_word' id='word_1_274' title='bbox 3267 4204 3531 4280; x_wconf 85' lang='lat' dir='ltr'><strong>roboris</strong></span> <span class='ocrx_word' id='word_1_275' title='bbox 3582 4204 3693 4277; x_wconf 87' lang='lat' dir='ltr'><strong>sui</strong></span> <span class='ocrx_word' id='word_1_276' title='bbox 3734 4212 3946 4301; x_wconf 89' lang='lat' dir='ltr'><strong>atque</strong></span> <span class='ocrx_word' id='word_1_277' title='bbox 3994 4221 4141 4299; x_wconf 83' lang='lat' dir='ltr'><strong>pru-</strong></span> 
     </span>
     <span class='ocr_line' id='line_1_30' title="bbox 1123 4322 4141 4430; baseline -0.002 -31"><span class='ocrx_word' id='word_1_278' title='bbox 1123 4326 1398 4401; x_wconf 84' lang='lat' dir='ltr'><strong>dentiae</strong></span> <span class='ocrx_word' id='word_1_279' title='bbox 1461 4325 1770 4425; x_wconf 89' lang='lat' dir='ltr'><strong>pericula</strong></span> <span class='ocrx_word' id='word_1_280' title='bbox 1831 4327 2154 4405; x_wconf 86' lang='lat' dir='ltr'><strong>fecerant.</strong></span> <span class='ocrx_word' id='word_1_281' title='bbox 2271 4332 2553 4406; x_wconf 87' lang='lat' dir='ltr'><strong>Etenim</strong></span> <span class='ocrx_word' id='word_1_282' title='bbox 2616 4330 2763 4430; x_wconf 88' lang='lat' dir='ltr'><strong>jam</strong></span> <span class='ocrx_word' id='word_1_283' title='bbox 2828 4329 2953 4403; x_wconf 89' lang='lat' dir='ltr'><strong>diu</strong></span> <span class='ocrx_word' id='word_1_284' title='bbox 3007 4334 3154 4402; x_wconf 86' lang='lat' dir='ltr'><strong>erat</strong></span> <span class='ocrx_word' id='word_1_285' title='bbox 3213 4351 3301 4400; x_wconf 81' lang='lat' dir='ltr'><strong>ex</strong></span> <span class='ocrx_word' id='word_1_286' title='bbox 3344 4349 3485 4425; x_wconf 91' lang='lat' dir='ltr'><strong>quo</strong></span> <span class='ocrx_word' id='word_1_287' title='bbox 3532 4322 3871 4397; x_wconf 86' lang='lat' dir='ltr'><strong>doctiores</strong></span> <span class='ocrx_word' id='word_1_288' title='bbox 3919 4343 4141 4397; x_wconf 85' lang='lat' dir='ltr'><strong>omnes</strong></span> 
     </span>
     <span class='ocr_line' id='line_1_31' title="bbox 1121 4440 4139 4543; baseline -0.002 -25"><span class='ocrx_word' id='word_1_289' title='bbox 1121 4445 1595 4519; x_wconf 82' lang='lat' dir='ltr'><strong>intellexerant</strong></span> <span class='ocrx_word' id='word_1_290' title='bbox 1652 4444 2024 4520; x_wconf 86' lang='lat' dir='ltr'><strong>desiderari</strong></span> <span class='ocrx_word' id='word_1_291' title='bbox 2069 4447 2142 4521; x_wconf 92' lang='lat' dir='ltr'><strong>in</strong></span> <span class='ocrx_word' id='word_1_292' title='bbox 2187 4448 2566 4523; x_wconf 87' lang='lat' dir='ltr'><strong>Academia</strong></span> <span class='ocrx_word' id='word_1_293' title='bbox 2606 4445 2934 4521; x_wconf 86' lang='lat' dir='ltr'><strong>Leidensi</strong></span> <span class='ocrx_word' id='word_1_294' title='bbox 2985 4445 3336 4521; x_wconf 88' lang='lat' dir='ltr'><strong>doctorem</strong></span> <span class='ocrx_word' id='word_1_295' title='bbox 3354 4503 3375 4535; x_wconf 86' lang='lat'>‚</span> <span class='ocrx_word' id='word_1_296' title='bbox 3430 4444 3555 4543; x_wconf 88' lang='lat' dir='ltr'><strong>qui</strong></span> <span class='ocrx_word' id='word_1_297' title='bbox 3596 4442 3966 4517; x_wconf 87' lang='lat' dir='ltr'><strong>iuvenibus</strong></span> <span class='ocrx_word' id='word_1_298' title='bbox 4018 4440 4139 4515; x_wconf 87' lang='lat' dir='ltr'><strong>elo·</strong></span> 
     </span>
     <span class='ocr_line' id='line_1_32' title="bbox 1123 4558 4139 4667; baseline -0.002 -29"><span class='ocrx_word' id='word_1_299' title='bbox 1123 4564 1447 4662; x_wconf 88' lang='lat' dir='ltr'><strong>quentiae</strong></span> <span class='ocrx_word' id='word_1_300' title='bbox 1497 4564 1995 4640; x_wconf 87' lang='lat' dir='ltr'><strong>Neerlandicae</strong></span> <span class='ocrx_word' id='word_1_301' title='bbox 2037 4577 2402 4667; x_wconf 86' lang='lat' dir='ltr'><strong>praecepta</strong></span> <span class='ocrx_word' id='word_1_302' title='bbox 2456 4568 2791 4655; x_wconf 87' lang='lat' dir='ltr'><strong>traderet,</strong></span> <span class='ocrx_word' id='word_1_303' title='bbox 2850 4564 2975 4663; x_wconf 90' lang='lat' dir='ltr'><strong>qui</strong></span> <span class='ocrx_word' id='word_1_304' title='bbox 3022 4565 3319 4641; x_wconf 86' lang='lat' dir='ltr'><strong>Batavos</strong></span> <span class='ocrx_word' id='word_1_305' title='bbox 3338 4623 3361 4653; x_wconf 93' lang='lat'>‚</span> <span class='ocrx_word' id='word_1_306' title='bbox 3410 4563 3668 4663; x_wconf 91' lang='lat' dir='ltr'><strong>quibus</strong></span> <span class='ocrx_word' id='word_1_307' title='bbox 3700 4562 3950 4637; x_wconf 83' lang='lat' dir='ltr'><strong>Latine</strong></span> <span class='ocrx_word' id='word_1_308' title='bbox 3992 4558 4139 4637; x_wconf 85' lang='lat' dir='ltr'><strong>scri-</strong></span> 
     </span>
     <span class='ocr_line' id='line_1_33' title="bbox 1116 4680 4135 4785; baseline -0.001 -29"><span class='ocrx_word' id='word_1_309' title='bbox 1116 4682 1448 4758; x_wconf 90' lang='lat' dir='ltr'><strong>bentibus</strong></span> <span class='ocrx_word' id='word_1_310' title='bbox 1512 4684 1777 4782; x_wconf 89' lang='lat' dir='ltr'><strong>primae</strong></span> <span class='ocrx_word' id='word_1_311' title='bbox 1841 4684 2038 4760; x_wconf 85' lang='lat' dir='ltr'><strong>facile</strong></span> <span class='ocrx_word' id='word_1_312' title='bbox 2109 4688 2537 4763; x_wconf 83' lang='lat' dir='ltr'><strong>deferrentur</strong></span> <span class='ocrx_word' id='word_1_313' title='bbox 2553 4745 2574 4776; x_wconf 89' lang='lat'>,</span> <span class='ocrx_word' id='word_1_314' title='bbox 2640 4686 2915 4761; x_wconf 90' lang='lat' dir='ltr'><strong>doceret</strong></span> <span class='ocrx_word' id='word_1_315' title='bbox 2968 4686 3191 4785; x_wconf 88' lang='lat' dir='ltr'><strong>patrio</strong></span> <span class='ocrx_word' id='word_1_316' title='bbox 3249 4708 3562 4759; x_wconf 88' lang='lat' dir='ltr'><strong>sermone</strong></span> <span class='ocrx_word' id='word_1_317' title='bbox 3626 4681 3961 4758; x_wconf 86' lang='lat' dir='ltr'><strong>concinne</strong></span> <span class='ocrx_word' id='word_1_318' title='bbox 4016 4680 4135 4755; x_wconf 91' lang='lat' dir='ltr'><strong>ele·</strong></span> 
     </span>
     <span class='ocr_line' id='line_1_34' title="bbox 1118 4802 4135 4907; baseline -0.004 -28"><span class='ocrx_word' id='word_1_319' title='bbox 1118 4811 1501 4903; x_wconf 86' lang='lat' dir='ltr'><strong>ganterque</strong></span> <span class='ocrx_word' id='word_1_320' title='bbox 1539 4812 1610 4878; x_wconf 89' lang='lat' dir='ltr'><strong>et</strong></span> <span class='ocrx_word' id='word_1_321' title='bbox 1655 4802 1950 4883; x_wconf 87' lang='lat' dir='ltr'><strong>scribere</strong></span> <span class='ocrx_word' id='word_1_322' title='bbox 2005 4812 2078 4881; x_wconf 89' lang='lat' dir='ltr'><strong>et</strong></span> <span class='ocrx_word' id='word_1_323' title='bbox 2117 4806 2329 4907; x_wconf 90' lang='lat' dir='ltr'><strong>loqui.</strong></span> <span class='ocrx_word' id='word_1_324' title='bbox 2431 4806 2787 4883; x_wconf 85' lang='lat' dir='ltr'><strong>Indefessa</strong></span> <span class='ocrx_word' id='word_1_325' title='bbox 2836 4805 2989 4881; x_wconf 88' lang='lat' dir='ltr'><strong>Viri</strong></span> <span class='ocrx_word' id='word_1_326' title='bbox 3043 4802 3480 4903; x_wconf 90' lang='lat' dir='ltr'><strong>Amplissimi</strong></span> <span class='ocrx_word' id='word_1_327' title='bbox 3534 4802 3953 4878; x_wconf 64' lang='lat' dir='ltr'><strong>Lauannrn</strong></span> <span class='ocrx_word' id='word_1_328' title='bbox 4004 4816 4135 4876; x_wconf 62' lang='lat' dir='ltr'><strong>vin</strong></span> 
     </span>
    </p>
   </div>
  </div>
 </body>
</html>
