4766 6034
1949 579 2504 650 ORATIO.
3670 583 3755 651 51

712 793 924 870 bebit.
1027 793 1218 870 Illud
1256 797 1494 869 autem
1531 789 1682 866 fieri
1719 815 1860 867 non
1900 815 2104 892 posse
2143 791 2291 866 sine
2341 795 2663 866 accurata
2701 812 2935 866 rerum
2974 789 3481 866 Hebraicarum
3516 792 3752 892 cogni-

710 915 894 990 tione
914 973 935 1004 ,
998 920 1244 1015 sponte
1293 919 1505 1014 patet.
1605 913 1824 988 Erant
1865 912 2055 988 enim
2105 911 2157 986 ii
2177 970 2196 1000 ‚
2260 910 2385 1011 qui
2431 912 2526 988 N.
2583 910 3010 987 Testamenti
3058 910 3271 987 libros
3330 913 3749 1012 conscripse-

709 1043 909 1124 runt,
977 1034 1218 1133 paucis
1278 1032 1582 1132 exceptis
1599 1091 1622 1123 ‚
1691 1032 1970 1109 natione
2033 1031 2319 1121 Iudaei3
2392 1032 2519 1130 qui
2560 1033 2653 1105 I·e
2668 1056 2702 1105 s
2719 1055 2853 1107 um
2904 1031 2978 1106 in
3026 1031 3157 1106 hoc
3201 1039 3544 1108 terrarum
3586 1031 3759 1107 orbe

709 1161 1090 1230 versantem
1150 1153 1602 1244 audiverunt,
1676 1153 1768 1228 ad
1834 1179 2059 1228 unum
2122 1177 2364 1227 omnes
2427 1177 2513 1226 ex
2586 1151 2829 1227 eadem
2897 1151 3109 1250 stirpe
3177 1160 3374 1227 erant
3436 1151 3715 1228 oriundi
3732 1186 3751 1240 3

710 1275 897 1373 quod
947 1274 1117 1349 item
1175 1273 1262 1349 de
1303 1274 1650 1375 plerisque
1706 1273 1920 1362 valet,
1971 1271 2064 1348 ad
2105 1297 2280 1371 quos
2320 1270 2814 1369 Apostolorum
2856 1272 3147 1370 scriptae
3191 1279 3357 1346 sunt
3400 1272 3749 1372 epistolae.

709 1395 914 1469 Unde
977 1394 1240 1470 factum
1305 1401 1450 1484 est,
1521 1402 1604 1468 ut
1665 1395 1890 1469 multa
1953 1393 2028 1466 in
2083 1392 2172 1467 iis
2230 1391 2837 1490 deprehendantur
2887 1390 3081 1467 libris
3098 1450 3119 1481 ‚
3186 1417 3365 1491 quae
3410 1391 3615 1467 unice
3662 1391 3752 1467 ab

707 1539 788 1589 eo
808 1573 828 1603 ,
899 1515 1024 1614 qui
1087 1521 1406 1590 accurata
1465 1513 1679 1613 pollet
1743 1505 2132 1589 Hebraicae
2195 1511 2632 1615 antiquitatis
2693 1511 2979 1586 scientia
2996 1570 3017 1601 ,
3080 1511 3388 1611 expediri
3434 1520 3747 1611 possunt.

707 1634 905 1714 Quid
963 1635 1037 1708 in
1096 1633 1642 1734 Euangeliorum
1684 1633 2250 1733 interpretatione
2293 1631 2733 1732 proficiemus
2752 1689 2771 1720 ‚
2822 1630 2973 1704 nisi
3018 1630 3361 1706 variarum
3403 1630 3707 1728 partium
3731 1691 3751 1719 ,
3900 1647 3913 1655 “

705 1753 778 1828 in
830 1778 1008 1855 quas
1059 1754 1310 1829 Iudaei
1367 1753 1854 1845 discedebant,
1920 1752 2154 1827 indole
2207 1759 2278 1826 et
2329 1751 2860 1827 characterismo
2910 1750 3087 1827 bene
3140 1751 3569 1850 perspectis?
3617 1752 3753 1827 nisi

705 1879 776 1946 et
839 1873 1134 1948 docendi
1199 1873 1573 1950 methodus
1592 1931 1612 1963 ,
1675 1899 1854 1973 quae
1912 1883 2080 1948 tunc
2133 1872 2554 1961 invaluerat,
2617 1879 2689 1946 et
2746 1871 3167 1946 Iudaeorum
3214 1869 3302 1944 de
3349 1869 3551 1948 variis
3594 1871 3750 1946 reli-

703 1992 928 2093 gionis
993 1993 1340 2093 capitibus
1407 1994 1752 2096 sentiendi
1813 1993 1988 2068 ratio
2049 1993 2253 2067 nobis
2316 1992 2795 2067 innotuerint?
2872 1993 3084 2067 Plura
3146 1991 3389 2067 afferre
3436 1991 3752 2092 exempla

701 2111 804 2186 nil
847 2112 1132 2188 attinet:
1181 2112 1276 2186 ad
1323 2137 1538 2189 unam
1585 2136 1988 2213 provocasse
2032 2097 2220 2188 nunc
2267 2112 2561 2187 sufficiat
2605 2112 2969 2212 epistolam
3003 2110 3096 2187 ad
3129 2109 3489 2185 Hebraeos
3507 2169 3528 2202 ‚
3572 2135 3752 2210 quae

703 2232 1019 2306 omnium
1088 2231 1306 2306 instar
1365 2256 1516 2307 esse
1575 2233 1815 2332 possit.
1917 2233 2123 2309 Hanc
2190 2234 2314 2332 qui
2379 2233 2527 2308 sine
2579 2231 3094 2308 accuratissima
3140 2231 3531 2306 Hebraicae
3573 2231 3751 2306 anti-

705 2351 990 2450 quitatis
1008 2410 1029 2440 ,
1099 2376 1240 2425 non
1306 2352 1702 2427 recentioris
1771 2360 2050 2428 tantum
2123 2354 2247 2428 sed
2317 2353 2679 2428 universae
2699 2412 2719 2442 ,
2794 2353 3078 2427 scientia
3148 2353 3749 2452 interpretaretur,

703 2497 850 2547 rem
891 2489 1056 2548 sane
1101 2480 1335 2572 ageret
1393 2472 1758 2548 ridiculam
1806 2479 1878 2547 et
1923 2481 2182 2550 temere
2225 2474 2489 2572 incepti
2535 2498 2699 2548 mox
2740 2473 2974 2572 ipsum
3025 2473 3431 2573 poeniteret.
3482 2527 3487 2530 -

767 2593 1053 2693 ,Neque
1107 2599 1336 2668 tamen
1356 2652 1376 2682 ,
1427 2592 1554 2668 ubi
1596 2593 1766 2669 haec
1809 2594 2043 2669 omnia
2077 2594 2386 2693 peregit,
2439 2593 2851 2668 satisfecisse
2894 2592 3165 2667 videtur
3200 2594 3293 2670 N.
3322 2593 3751 2668 Testamenti

702 2713 1072 2814 interpres:
1145 2712 1205 2788 si
1268 2713 1455 2787 enim
1503 2713 1634 2788 hoc
1685 2721 1793 2789 est
1835 2713 2218 2814 intelligere
2267 2715 2671 2812 scriptorem
2694 2772 2714 2803 ‚
2742 2720 2857 2787 .ut
2906 2713 3097 2812 quod
3144 2713 3511 2813 cogitavit,
3559 2712 3749 2788 idem

701 2856 826 2908 nos
875 2832 1184 2933 legentes
1235 2831 1618 2930 cogitemus
1634 2889 1655 2920 ‚
1705 2839 1786 2906 ut
1833 2840 2016 2908 recte
2062 2832 2535 2931 intelligamus
2587 2833 2679 2907 N.
2734 2833 3061 2907 Foederis
3108 2833 3321 2908 libros
3362 2833 3503 2907 duo
3550 2856 3745 2932 prae-

701 2959 887 3028 terea
949 2951 1434 3052 requiruntur3
1504 2951 1800 3029 alterum
1820 3010 1841 3044 ‚
1904 2959 1986 3029 ut
2055 2952 2487 3053 singularum
2552 2954 3051 3030 sententiarum
3112 2954 3293 3029 inter
3354 2979 3428 3030 se
3483 2978 3746 3029 nexum

703 3096 844 3147 non
883 3079 1177 3148 tantum
1194 3130 1217 3161 ‚
1283 3072 1407 3147 sed
1468 3072 1685 3147 totius
1735 3097 2013 3172 quoque
2068 3073 2227 3147 libri
2281 3080 2780 3171 argumentum
2816 3073 3354 3173 perspiciamus3
3406 3073 3702 3147 alterum
3723 3130 3743 3162 ‚

710 3199 790 3267 ut
834 3192 1116 3290 quinam
1160 3192 1368 3268 fuerit
1409 3192 1483 3267 in
1523 3192 1744 3292 ipsius
1789 3192 2088 3268 auctoris
2134 3200 2366 3267 mente
2411 3192 2911 3291 cogitationum
2945 3216 3169 3268 nexus
3214 3199 3284 3266 et
3322 3192 3491 3265 ordo
3530 3190 3747 3290 probe

705 3309 1166 3411 intelligentes
1186 3371 1205 3401 ,
1267 3337 1432 3389 cum
1495 3336 1578 3387 eo
1630 3313 1832 3413 quasi
1870 3313 2274 3413 cogitemus.
2392 3314 2593 3391 Quae
2642 3314 2875 3388 omnia
2926 3313 3416 3411 grammaticae
3464 3335 3744 3412 quoque

701 3430 1282 3531 interpretationis
1324 3432 1782 3531 appellatione
1829 3432 2319 3531 comprehendi
2367 3458 2571 3531 posse
2590 3492 2610 3522 ,
2662 3433 2859 3508 facile
2905 3433 3240 3507 concedo:
3292 3431 3467 3505 nihil
3506 3439 3743 3506 tamen

701 3550 973 3640 obstat,
1043 3552 1417 3651 quominus
1479 3578 1642 3629 cum
1695 3553 2191 3628 recentioribus
2246 3554 2670 3652 quibusdam
2723 3552 3061 3653 theologis
3113 3553 3231 3628 illa
3297 3552 3387 3627 ab
3449 3552 3579 3626 hac
3638 3552 3741 3627 di-

702 3662 1161 3773 stinguamus.
1281 3674 1558 3750 Horum
1617 3698 1782 3775 ergo
1841 3681 2204 3773 praecepto
2267 3674 2619 3763 obsecuti,
2668 3672 3218 3773 interpretationi
3262 3672 3741 3772 grammatico-

702 3792 1063 3869 historicae
1125 3794 1576 3895 adiungimus
1637 3794 1931 3893 logicam
1995 3801 2066 3868 et
2117 3794 2705 3893 ‘psychologicam
2810 3796 2965 3869 Iam
3036 3794 3220 3869 dicat
3288 3793 3539 3892 aliquis
3559 3852 3579 3881 ,
3649 3794 3740 3868 ad

701 3920 1070 4014 utramque
1113 3914 1243 3988 rite
1289 3914 1754 4014 peragendam
1801 3912 1932 3987 hoc
1979 3913 2182 3988 unice
2227 3914 2302 3988 in
2351 3914 2725 4013 interprete
2769 3914 3067 4012 requiri,
3119 3921 3200 3987 ut
3242 3922 3436 3988 tanto
3475 3913 3741 4012 ingenii

701 4032 1056 4121 acumine,
1107 4039 1302 4109 tanta
1345 4058 1622 4133 quoque
1665 4033 2058 4109 intellectus
2104 4034 2587 4109 exercitatione
2622 4035 2882 4124 valeat,
2934 4043 3197 4134 quanta
3236 4034 3503 4108 homini
3532 4059 3736 4109 sanae

701 4151 954 4226 mentis
1019 4153 1322 4252 compoti
1381 4161 1469 4228 et·
1507 4160 1690 4229 recte
1757 4153 2030 4227 exculto
2090 4153 2298 4253 vulgo
2355 4153 2597 4228 adesse
2648 4154 2897 4229 solent:
2966 4178 3193 4252 neque
3244 4152 3443 4228 facile
3492 4176 3733 4250 quem·
3780 4139 3787 4150 ’

699 4294 914 4368 quam
955 4273 1343 4371 reperietiS‚
1394 4274 1510 4348 cui
1553 4274 1642 4348 de
1681 4272 2043 4371 utriusque
2084 4274 2494 4348 necessitate
2514 4358 2518 4362 ,
2542 4274 2812 4349 firmius
2862 4298 3075 4373 quam
3117 4272 3291 4347 mihi
3326 4294 3734 4370 persuasum

699 4388 812 4463 sit.
911 4390 1218 4465 Eaedem
1289 4392 1473 4471 enim
1547 4400 1712 4467 sunt
1730 4452 1750 4483 ‚
1821 4418 2000 4492 quae
2064 4394 2443 4467 humanam
2507 4400 2813 4468 mentem
2875 4402 2947 4465 et
3011 4397 3216 4466 antea
3270 4396 3597 4463 rexerunt
3659 4399 3732 4465 et

697 4532 887 4583 nunc
937 4518 1232 4609 regunt,
1299 4512 1529 4611 leges:
1599 4537 1774 4611 quas
1834 4513 1958 4611 qui
2003 4514 2339 4613 ignorat,
2405 4520 2530 4586 aut
2582 4519 2839 4586 temere
2888 4510 3218 4609 negligit,
3264 4507 3611 4584 balbutire
3654 4512 3729 4585 in

699 4627 794 4701 N.
855 4627 1180 4704 Foederis
1245 4630 1580 4709 librorum
1643 4633 2093 4732 explicatione
2161 4634 2419 4722 discet,
2488 4632 2632 4706 veri
2698 4630 2997 4706 nominis
3052 4630 3391 4731 interpres
3446 4630 3731 4705 exsistet

697 4771 1105 4848 numquam.
1206 4752 1307 4826 At
1354 4753 1462 4828 vel
1503 4752 1602 4830 sic
1641 4778 1896 4854 magna
1936 4778 2114 4854 opus
2147 4762 2253 4831 est
2292 4754 2609 4831 cautione
2628 4812 2649 4845 ‚
2698 4778 2788 4829 ne
2830 4763 3137 4831 nostram
3165 4754 3345 4830 alius
3376 4752 3528 4829 aevi
3564 4752 3729 4829 scri·

3247 4875 3290 4949 7
3303 4872 3347 4919 ’1
