4766 6034
1918 640 2474 709 ORATIO.
3584 642 3713 710 297

776 850 1109 949 Superest
1122 907 1143 937 ,
1214 857 1298 924 ut
1360 849 1798 949 aliquatenus
1856 874 2195 949 exponam
2214 908 2235 938 ,
2305 848 2585 948 qualem
2627 846 2776 947 ipse
2819 871 2960 923 non
3005 847 3162 923 ideo
3207 848 3502 955 docendi
3547 874 3704 923 nor-

680 992 869 1043 mam
940 966 1111 1044 mihi
1177 969 1649 1069 proposuerim
1719 970 1991 1044 firmam
2052 976 2126 1044 et
2186 968 2730 1057 immutabilem,
2793 992 2948 1044 eam
2987 968 3174 1043 enim
3215 971 3381 1044 anni
3421 970 3707 1060 docent,

678 1096 751 1160 et
824 1087 1205 1188 longinqua
1266 1088 1697 1165 consuetudo
1714 1146 1735 1177 ,
1806 1097 1877 1163 et
1939 1089 2359 1187 experientia
2419 1112 2656 1164 comes
2719 1087 2986 1163 itineris
3057 1095 3130 1163 et
3191 1089 3526 1188 magistra
3543 1146 3564 1177 ,
3635 1098 3708 1164 et

680 1207 1031 1284 studiosae
1092 1198 1472 1286 iuventutis
1539 1209 1800 1284 utilitas
1816 1265 1837 1296 ,
1902 1208 2484 1307 praeclarissimus
2545 1208 2704 1283 finis
2719 1264 2738 1297 ,
2804 1214 2876 1282 et
2919 1232 3007 1283 ex
3051 1208 3269 1283 oculis
3317 1233 3705 1307 numquam

556 1384 563 1387 -
680 1328 1148 1418 amittendus;
1200 1354 1341 1405 non
1386 1329 1604 1429 igitur
1639 1318 2035 1403 istiusmodi
2081 1352 2396 1403 normam
2435 1327 2612 1402 mihi
2655 1328 2798 1402 iam
2843 1327 3204 1404 informavi
3223 1388 3244 1417 ,
3295 1330 3420 1405 sed
3458 1329 3704 1429 imagi·

677 1470 839 1523 nem
886 1450 1269 1548 speciemve
1316 1448 1771 1524 institutionis
1791 1507 1810 1537 ,
1863 1448 1988 1523 sed
2030 1448 2107 1521 id
2124 1505 2145 1536 ,
2194 1447 2386 1545 quod
2425 1447 2845 1546 coniungere
2893 1455 2966 1522 et
3003 1448 3330 1547 pervelim
3371 1455 3444 1523 et
3475 1450 3708 1525 conari

676 1593 817 1644 non
894 1569 1139 1644 desino
1152 1626 1173 1657 ,
1242 1570 1321 1643 id
1378 1568 1575 1643 vobis
1635 1568 1935 1667 aperiam
1955 1625 1976 1656 ,
2051 1574 2133 1641 ιιι
2192 1567 2606 1643 satisfaciam
2653 1567 2922 1643 cunctis
2965 1568 3052 1642 iis
3070 1626 3091 1657 ,
3158 1592 3336 1668 qnae
3377 1569 3454 1645 in
3499 1569 3707 1645 huius

676 1688 1004 1763 orationis
1046 1688 1326 1763 exordio
1360 1688 1601 1787 posui,
1652 1697 1733 1762 nt
1778 1684 2036 1760 scilicet
2078 1682 2349 1759 tantilla
2391 1682 2520 1759 hac
2558 1708 2738 1782 quae
2775 1684 2958 1759 inest
3001 1686 3326 1763 facundia
3365 1697 3438 1763 et
3473 1688 3708 1763 Latini

684 1808 1019 1883 sermonis
1083 1808 1567 1884 exercitatione
1584 1866 1603 1895 ‚
1672 1815 1743 1881 et
1790 1804 1930 1880 mei
1974 1803 2195 1903 ipsius
2246 1803 2596 1903 specimen
2647 1804 2932 1903 aliquod
2979 1806 3217 1883 darem
3263 1816 3337 1883 et
3378 1808 3662 1884 rationis
3683 1866 3704 1897 ,

679 1952 821 2027 qua
866 1929 1127 2004 litteras
1168 1929 1492 2027 antiquas
1544 1926 1719 2002 mihi
1766 1926 1906 2000 iam
1946 1923 2315 2023 permissas
2348 1924 2424 1997 in
2463 1922 2722 1999 illustri
2755 1922 2886 2001 hac
2929 1924 3160 2001 schola
3202 1916 3338 2001 sim
3377 1927 3710 2002 docturus
3763 1946 3768 1951 ·

680 2056 1091 2135 antecessor,
1134 2048 1528 2147 nuperrime
1598 2053 1871 2122 creatus
1888 2102 1909 2133 ,
1984 2052 2065 2119 ut
2108 2043 2211 2119 sic
2257 2043 2552 2119 libenter
2593 2042 3069 2144 obtemperem
3113 2045 3448 2121 laudabili
3493 2048 3706 2121 maio-

678 2192 837 2242 rum
905 2166 1434 2256 consuetudini,
1502 2174 1574 2241 et
1640 2164 1983 2264 hodieque
2042 2170 2367 2238 retentae.
2466 2160 2558 2237 Id
2611 2162 2752 2238 iam
2813 2173 3176 2263 quaerent·
3203 2167 3522 2243 nonnulli
3571 2168 3706 2243 for-

682 2286 884 2363 tassis
931 2288 1039 2387 vel
1076 2286 1455 2387 sperabunt
1514 2292 1637 2360 aut
1686 2283 1927 2359 nolent
1974 2281 2381 2357 alterutrum
2404 2338 2424 2369 ,
2487 2280 2618 2356 hoc
2671 2281 2928 2357 scilicet
2943 2340 2966 2371 ,
3033 2292 3269 2359 utrum
3315 2292 3387 2359 et
3435 2287 3584 2385 ipse
3634 2289 3709 2361 in

678 2405 1085 2505 explicanda
1156 2404 1572 2504 antiquitate
1638 2403 1714 2478 in
1789 2402 2275 2478 vocabulorum
2342 2400 2578 2499 potius
2644 2400 2884 2489 formis
2950 2402 3083 2477 sim
3135 2402 3530 2479 haesiturus
3554 2464 3574 2493 ,
3641 2414 3713 2481 et
3781 2466 3784 2469 .

682 2524 929 2600 haecce
976 2526 1249 2599 minuta
1290 2524 1769 2624 propositurus
1812 2546 2024 2621 quam
2073 2520 2582 2598 accuratissime
2600 2578 2621 2609 ,
2667 2544 2760 2595 an
2801 2522 3170 2622 exspatiari
3210 2523 3285 2599 in
3323 2524 3710 2623 quamlibet

679 2652 947 2742 partem
1017 2653 1307 2720 conatus
1380 2643 1457 2717 id
1532 2642 1819 2742 periculi
1889 2640 2252 2717 vitandum
2320 2638 2688 2715 habiturus
2759 2640 2893 2717 sim
2911 2698 2931 2729 ,
3001 2666 3092 2717 ne
3153 2642 3374 2743 ipsius
3445 2645 3712 2721 itineris

680 2764 897 2838 finem
943 2786 1029 2837 ex
1068 2762 1286 2839 oculis
1334 2762 1671 2837 amittam.
1771 2761 1868 2835 Et
1913 2768 2287 2859 utrumque
2334 2758 2728 2855 faciendum
2748 2817 2769 2849 ,
2818 2761 3010 2860 quod
3056 2761 3294 2862 ipsum
3343 2764 3483 2840 iam
3545 2766 3712 2841 satis

686 2881 985 2958 arduum
1046 2906 1130 2958 eo
1188 2883 1270 2957 fit
1326 2880 1711 2969 difficilius,
1777 2880 2247 2978 quia-munus
2298 2888 2370 2953 et
2419 2876 2929 2979 amplissimum
2969 2888 3043 2955 et
3092 2882 3424 2959 latissime
3465 2894 3712 2984 patens

683 3002 857 3077 mihi
919 3002 1325 3103 impositum
1389 3000 1482 3076 sit
1500 3059 1519 3089 ,
1586 3001 1701 3076 cui
1756 2998 1949 3076 omni
2006 3006 2189 3075 recte
2245 3000 2554 3076 sufficere
2607 3023 2735 3076 uec
2787 2990 3159 3101 quisquam
3207 3010 3438 3102 potest
3484 3030 3711 3106 neque

682 3149 817 3223 ego
884 3124 979 3200 ad
1041 3124 1117 3197 id
1180 3124 1389 3200 valeo.
1492 3122 1633 3197 Sed
1687 3120 1919 3195 missis
1977 3119 2104 3211 iis,
2170 3144 2349 3219 quae
2417 3119 2816 3220 imperfecta
2869 3121 3033 3210 diu,
3083 3146 3355 3213 vereor,
3403 3149 3713 3200 remane-

688 3245 869 3318 bunt
889 3301 909 3332 ,
953 3242 1033 3316 id
1076 3251 1309 3318 tamen
1330 3300 1351 3331 ,
1402 3241 1592 3341 quod
1628 3241 1893 3315 efficere
1930 3239 2204 3315 annitar
2218 3297 2240 3329 ,
2292 3239 2587 3316 breviter
2619 3240 2955 3338 explicare
2994 3241 3246 3320 licebit.
3344 3245 3716 3321 Affirmant

686 3365 901 3463 igitur
943 3388 1157 3463 quam
1199 3362 1483 3462 plurimi
1526 3385 1753 3460 neque
1788 3383 1919 3459 ego
1960 3359 2317 3459 denegabo
2334 3417 2357 3449 ,
2403 3359 2838 3460 antiquitatis
2877 3361 3018 3437 fere
3055 3362 3265 3438 vitam
3281 3423 3300 3453 ,
3351 3374 3424 3440 et
3452 3389 3678 3440 mores
3694 3425 3714 3454 ,

690 3482 899 3559 verbo
968 3481 1195 3558 dicam
1258 3505 1539 3557 omnem
1610 3481 1957 3556 ambitum
2010 3503 2160 3555 esse
2210 3480 2687 3579 indagandum
2704 3539 2725 3570 ,
2774 3489 2857 3557 ut
2899 3482 3065 3557 inde
3115 3493 3437 3563 nascatur
3456 3543 3475 3574 ,
3525 3485 3718 3584 quod

690 3601 1044 3702 discipulis
1109 3627 1273 3699 cum
1344 3602 1577 3676 fructu
1634 3599 2012 3677 tradamus.
2108 3599 2349 3676 Habet
2414 3601 2544 3675 hoc
2562 3658 2582 3689 ,
2649 3601 2904 3691 fateor,
2979 3603 3352 3680 utilitatem
3427 3603 3716 3682 fortasse

690 3720 993 3819 aliquam
1013 3777 1034 3808 ,
1104 3729 1176 3795 et
1252 3719 1627 3796 maximam
1699 3715 2151 3809 sua'vitatem3
2220 3719 2705 3796 dulcissimum
2771 3731 2878 3796 est
2891 3779 2913 3812 ,
2983 3747 3194 3822 parvo
3243 3724 3466 3823 spatio
3518 3726 3718 3825 quasi

692 3833 1049 3914 'conclusas
1110 3863 1387 3915 cernere
1452 3863 1563 3916 res
1632 3838 1973 3915 humanas
2034 3838 2177 3914 fere
2253 3862 2497 3916 omnes
2515 3899 2536 3929 ,
2605 3866 2788 3940 quae
2853 3851 3040 3918 certa
3093 3843 3397 3941 quadam
3449 3852 3674 3920 aetate
3696 3903 3715 3934 ,

694 3982 915 4057 eaque
966 3957 1523 4060 splendidissima
1541 4016 1564 4047 ,
1626 3958 1720 4034 ad
1767 3958 2131 4050 civitatum
2176 3960 2732 4036 coniunctionem
2750 4019 2772 4052 ,
2816 3964 3368 4064 populorumque
3412 3963 3720 4040 indolem

692 4086 765 4150 et
814 4101 1025 4176 quam
1069 4077 1283 4153 vitam
1334 4077 1558 4176 ipsam
1592 4076 1929 4153 'dixerunt
1972 4078 2398 4177 pertinuere:
2461 4079 2563 4154 nil
2605 4080 2766 4154 novi
2819 4081 3194 4157 iucundius
3211 4073 3266 4171 ,‘
3298 4107 3510 4182 quam
3552 4107 3717 4159 cum

690 4196 1016 4270 Paarcnn
1080 4197 1279 4296 quasi
1337 4196 1833 4296 rempublicam
1896 4196 2375 4272 administrare
2395 4255 2416 4286 ,
2467 4199 2576 4274 vel
2620 4199 2989 4276 CAnsAms
3038 4201 3354 4301 vestigiis,
3394 4201 3715 4276 innixum

694 4313 1105 4390 distribuere
1174 4317 1516 4416 legionen-33
1590 4317 1763 4415 quid
1830 4324 1940 4392 est
2006 4316 2199 4416 quod
2258 4323 2567 4392 mentem
2627 4318 2854 4417 magis
2915 4329 2988 4394 et
3049 4320 3237 4396 acuit
3288 4329 3361 4396 et
3409 4321 3678 4395 extollit
3694 4378 3715 4409 ,

692 4457 905 4532 quam
976 4433 1037 4508 si
1100 4435 1537 4510 Olenacum
1603 4437 1962 4534 sequimur
1977 4493 1999 4528 ,
2068 4435 2240 4510 dum
2307 4435 2402 4512 ad
2463 4435 2698 4512 vivum
2765 4447 3028 4514 resecat
3097 4439 3498 4538 turpissima
3553 4439 3726 4514 vitia

690 4551 965 4652 imperii
1006 4554 1481 4630 Romanorum
1524 4554 1599 4628 in
1638 4556 1905 4631 miseris
1949 4554 2315 4656 provinciis
2332 4612 2355 4644 ,
2403 4562 2474 4630 et
2505 4555 2862 4654 regiminis
2901 4557 3086 4632 mala
3129 4567 3495 4659 stupemus
3542 4559 3718 4633 dum

690 4680 1031 4748 oratorem
1090 4673 1519 4749 admiramur
1532 4729 1553 4761 ,
1614 4697 1845 4772 neque
1894 4675 2265 4752 excelsiora
2317 4680 2484 4750 sunt
2516 4673 2796 4765 multa,
2859 4697 3074 4775 quam
3117 4676 3447 4776 indagare
3467 4732 3489 4764 ,
3541 4699 3712 4773 quo·

694 4791 903 4868 modo
952 4799 1113 4869 ante
1158 4802 1473 4872 nostrum
1526 4793 1877 4873 saeculum
1927 4791 2037 4872 de'
2056 4795 2345 4897 imperio
2387 4794 2594 4874 orbis·
2609 4803 2942 4874 terrarum
2960 4855 2982 4890 ,
3031 4805 3188 4873 tum
3233 4805 3319 4873 ιιι
3351 4795 3718 4873 videbatur

722 4917 727 4924 '
1014 4935 1023 4942 ·
3143 4919 3236 4992 38
