4766 6034
1040 616 1125 684 88
2093 620 2166 687 A.
2253 620 3017 688 NIERMEYER

1037 824 1238 899 cuius
1304 825 1719 900 desiderium
1787 827 2113 926 equidem
2176 827 2237 902 is
2300 853 2443 904 non
2511 855 2668 906 sum
2731 831 2852 928 qui
2904 829 3306 929 extinguere
3356 856 3646 930 queam;
3701 839 3772 906 et
3817 831 3890 906 in
3935 855 4079 906 me·

1038 945 1328 1019 moriam
1396 945 1601 1020 redeo
1667 945 1818 1022 Viri
1880 946 2231 1023 doctrinae
2290 949 2850 1049 incomparabilis
2930 951 3312 1026 Ioannis
3392 950 3853 1038 Clarisse,
3941 975 4082 1050 quo

1037 1072 1198 1138 ante
1239 1066 1365 1140 hos
1405 1065 1803 1165 quindecim
1846 1092 2063 1142 annos
2111 1093 2225 1142 me
2270 1077 2710 1168 praeceptore
2755 1093 2962 1144 usum
3012 1095 3162 1145 esse
3204 1095 3566 1169 nunquam
3610 1071 3850 1146 laetari
3898 1070 4078 1145 desi-

1035 1208 1218 1260 nam.
1321 1185 1462 1260 Sed
1525 1193 1685 1260 ante
1744 1188 1978 1261 oculos
2038 1212 2317 1286 quoque
2370 1189 2824 1263 obversantur
2869 1189 3158 1264 iucundi
3208 1190 3356 1266 dies
3377 1250 3395 1279 ,
3447 1216 3668 1289 quum
3713 1190 3932 1264 ireluti
3985 1188 4078 1264 ad

1032 1304 1319 1379 Vestros
1376 1305 1586 1381 etiam
1630 1305 1883 1404 pedes,
1942 1307 2095 1382 Viri
2138 1309 2523 1384 Clarissimi
2566 1334 2727 1384 van
2777 1309 3138 1410 Hengel
3185 1319 3258 1384 et
3307 1310 3562 1384 Kist!
3618 1310 3855 1385 sedere
3909 1307 4081 1383 mihi

1032 1424 1343 1524 contigit.
1442 1427 1653 1500 Nunc
1713 1450 1933 1525 quum
1997 1426 2331 1504 Vestrum
2386 1430 2460 1503 in
2515 1430 2833 1505 ordinem
2887 1437 3168 1504 vocatus
3225 1454 3382 1504 sum
3406 1489 3425 1520 ,
3486 1430 3601 1504 vix
3648 1439 3772 1504 aut
3823 1453 3913 1503 ne
3959 1429 4074 1502 vix

1033 1547 1318 1643 quidem
1380 1544 1525 1620 Vos
1591 1546 1887 1646 collegas
1944 1547 2168 1622 dicere
2226 1550 2474 1624 ausim.
2576 1551 2909 1624 Attamen
2971 1550 3336 1625 recordans
3387 1549 3840 1648 benignitatis
3861 1585 3887 1636 ;
3935 1573 4078 1647 qua

1032 1666 1380 1765 quondam
1450 1690 1563 1740 me
1630 1667 1976 1765 prosecuti
2037 1670 2200 1744 estis
2222 1727 2240 1757 ,
2313 1679 2383 1745 et
2440 1671 2732 1745 recentis
2797 1669 3086 1744 Vestrae
3135 1693 3299 1768 erga
3347 1694 3460 1743 me
3505 1667 4022 1744 benevolentiae
4049 1726 4070 1756 ,

1030 1785 1104 1860 in
1170 1810 1365 1885 spem
1423 1785 1649 1884 erigor
1706 1786 1851 1861 fore
1904 1794 1985 1861 ut
2039 1789 2496 1864 mediocritati
2546 1815 2740 1866 meae
2791 1797 3102 1866 amanter
3149 1786 3582 1862 succurratis.
3682 1787 3868 1861 Mihi
3906 1786 4080 1860 nihil

1032 1907 1338 1982 sanctius
1388 1913 1456 1979 et
1496 1906 1851 2005 antiquius
1888 1906 2017 1980 erit
2036 1966 2057 1997 ,
2110 1934 2321 2008 quam
2364 1935 2479 1984 me
2520 1918 2866 2008 praestare
2908 1910 3241 2007 collegam
3261 1965 3279 1995 ,
3321 1903 3442 2005 qui
3474 1907 3719 1981 Vester
3757 1906 4068 2006 quotidie

1032 2024 1414 2124 discipulus
1492 2052 1640 2101 esse
1710 2027 1965 2126 cupiat.
2033 2070 2135 2086 —
2206 2031 2456 2128 Neque
2527 2031 2665 2118 Te,
2735 2028 3314 2104 aestumatissime
3389 2025 3869 2101 Scholtenl
3951 2025 4076 2124 qui

1031 2146 1255 2222 'l'uam
1325 2142 1399 2220 in
1464 2172 1575 2222 me
1643 2149 2169 2247 propensionem
2232 2147 2779 2222 luculentissime
2825 2148 2966 2221 iam
3007 2145 3413 2233 ostendisti,
3465 2171 3662 2244 spem
3712 2169 3936 2219 meam
3991 2145 4066 2220 in

1030 2266 1128 2339 'l'e
1176 2267 1469 2366 positam
1522 2269 2014 2343 frustraturum
2064 2291 2213 2342 esse
2236 2325 2255 2356 ,
2318 2266 2925 2365 persuasissimum
2974 2265 3148 2340 mihi
3193 2272 3320 2340 est.
3372 2307 3470 2322 -
3519 2265 3615 2338 Et
3661 2265 3799 2352 Te,
3862 2249 4074 2339 hono-

1025 2385 1367 2460 ratissime
1436 2388 1859 2464 Kuenen!
1928 2413 2229 2487 quocum
2294 2411 2520 2485 nuper
2581 2387 2874 2462 eandem
2929 2387 3282 2460 fortunam
3338 2385 3622 2458 sortitus
3671 2408 3864 2472 sum,
3925 2389 4074 2458 tan-

1026 2530 1238 2603 quam
1306 2506 1585 2582 fratrem
1646 2507 1977 2582 dilectum
2037 2506 2211 2598 mihi
2270 2506 2416 2580 fore
2473 2511 2620 2580 toto
2679 2505 2912 2579 animo
2973 2505 3267 2579 confido.
3319 2549 3420 2568 --
3467 2503 3798 2579 Ceterum
3853 2502 4073 2580 Vobis

1024 2626 1351 2701 omnibus
1409 2633 1639 2726 grates
1706 2651 1838 2726 ago
1895 2651 2022 2725 pro
2085 2626 2389 2700 consiliis
2450 2633 2522 2699 et
2583 2625 2858 2699 auxiliis
2881 2683 2900 2712 ,
2951 2624 3210 2723 quibus
3257 2649 3370 2698 me
3397 2623 3805 2701 adiuvisti&
3904 2622 4075 2696 Pro-

1026 2753 1254 2844 speret
1316 2747 1514 2820 Deus
1574 2746 1660 2819 O.
1706 2748 1811 2820 M.
1869 2746 2213 2845 quidquid
2266 2746 2357 2819 ad
2418 2745 2628 2820 huius
2675 2746 3094 2820 Academiae
3143 2745 3381 2818 florem
3404 2802 3423 2832 ,
3473 2744 3746 2818 Patriae
3799 2750 4076 2816 nostrae

1025 2865 1315 2966 gloriam
1370 2867 1865 2966 Societatisque
1918 2865 2352 2941 Christianae
2401 2867 2698 2941 salutem
2751 2864 3183 2940 annitamini.
3285 2864 3380 2937 Et
3429 2863 3629 2968 Tibi,
3679 2861 4076 2936 Clarissime

1023 3009 1190 3061 van
1246 2985 1648 3086 Hengell
1720 2987 1944 3062 otium
1994 3011 2134 3086 quo
2189 2985 2438 3063 frueris
2490 2985 3054 3073 meritissimum,
3106 3007 3533 3082 quamquam
3583 2981 3889 3081 profecto
3931 3005 4073 3057 non
4219 2995 4232 3004 ·

887 3164 895 3171 .
1021 3105 1325 3181 otiosum
1374 3114 1517 3196 est,
1571 3107 1695 3180 diu
1728 3114 2167 3182 conservetur
2185 3166 2204 3197 ,
2256 3114 2337 3180 ut
2380 3106 2721 3181 bonorum
2772 3106 2968 3204 copia
3017 3130 3103 3179 ex
3146 3103 3480 3202 singulari
3523 3104 3675 3177 Tua
3717 3103 4028 3177 doctrina
4047 3161 4068 3190 ,

1019 3229 1175 3299 tum
1224 3224 1298 3299 in
1353 3226 1609 3301 multos
1656 3226 1825 3301 alios
1848 3285 1869 3315 ,
1918 3234 2074 3301 tum
2121 3227 2195 3301 in
2242 3251 2371 3301 nos
2419 3227 2808 3301 redundare
2858 3231 3124 3324 pergat.

1118 3344 1559 3419 Postremum
1605 3346 1696 3419 ad
1736 3346 1881 3421 Vos
1921 3348 2161 3435 venio,
2208 3347 2882 3421 Adolescentes
2930 3342 3701 3417 Generosissimil
3755 3341 3880 3441 qui
3921 3340 4072 3415 lite-

1018 3485 1255 3537 rarum
1324 3470 1395 3537 et
1452 3464 1971 3563 disciplinarum
2036 3490 2245 3539 causa
2298 3466 2513 3539 huius
2560 3464 2980 3539 Academiae
3033 3463 3214 3537 cives
3267 3462 3474 3551 estis;
3524 3452 3932 3561 praesertim
3980 3460 4073 3534 ad

1021 3580 1203 3667 Vos,
1265 3583 1387 3680 qui
1414 3610 1419 3615 ·
1448 3575 1987 3683 Theologiae
2046 3608 2302 3658 nomen
2352 3583 2685 3672 dedistis,
2747 3591 2819 3657 et
2874 3582 3296 3682 quibuscum
3346 3581 3654 3656 muueris
3705 3581 3845 3655 mei
3897 3580 4073 3655 ratio

1020 3721 1137 3771 me
1178 3701 1435 3775 arctius
1472 3702 1865 3802 coniunget.
1966 3702 2255 3779 Publice
2306 3704 2564 3803 gratias
2613 3702 2833 3777 Vobis
2875 3727 3010 3801 ago
3052 3728 3177 3802 pro
3223 3702 3742 3778 benevolentiae
3779 3700 4072 3776 Vestrae

1023 3813 1481 3908 document0‚
1531 3821 1719 3918 quod
1766 3822 1978 3910 mihi,
2028 3822 2143 3896 vix
2186 3821 2364 3895 hano
2403 3820 2478 3895 in
2520 3821 2941 3925 provinciam
2987 3829 3268 3909 vocato,
3308 3821 3596 3896 allatum
3625 3830 3770 3908 est,
3817 3844 4070 3917 meque

1021 3934 1417 4013 alacriorem
1478 3940 1643 4015 fecit
1702 3942 1794 4015 ad
1854 3966 2007 4017 eam
2080 3941 2612 4039 suscipiendam.
2717 3941 2832 4015 Sic
2894 3941 3081 4015 enim
3139 3940 3417 4014 eosdem
3479 3965 3847 4039 agnoscere
3893 3938 4068 4013 mihi

1020 4054 1305 4133 videbar
1350 4060 1768 4157 Academiae
1820 4062 2503 4162 Luyduno-,Batavae
2550 4061 2868 4137 alumnos
2888 4120 2909 4149 ,
2961 4058 3085 4158 qui
3137 4060 3227 4133 ab
3271 4060 3560 4157 antiquo
3609 4084 3801 4133 caros
3845 4057 4066 4132 habu-

1020 4183 1227 4250 erunt
1293 4186 1764 4277 praeceptores
1782 4236 1802 4266 ,
1874 4203 2173 4278 quorum
2234 4178 2748 4253 institutionem
2807 4178 2944 4253 sibi
3014 4178 3340 4275 prodesse
3404 4204 3606 4277 posse
3663 4177 4064 4253 censebant.

1017 4294 1404 4394 Equidem,
1436 4322 1631 4397 ,quas
1671 4298 1865 4373 Deus
1913 4298 2086 4373 mihi
2127 4299 2420 4399 largitus
2467 4306 2574 4373 est
2591 4356 2612 4387 ,
2662 4298 2878 4373 animi
2930 4299 3107 4372 vires
3156 4298 3249 4372 ad
3295 4299 3762 4397 promovenda
3810 4296 4062 4373 Vestra

1020 4416 1385 4491 commoda
1430 4425 1501 4492 et
1539 4418 2008 4493 emolumenta
2052 4418 2453 4517 impendere
2491 4416 2812 4493 conabor.
2914 4415 3059 4490 Vos
3103 4425 3340 4492 autem
3383 4418 3596 4491 huius
3636 4415 4058 4493 Academiae

1022 4540 1241 4609 estote
1287 4536 1468 4611 cives
1489 4596 1509 4625 ,
1561 4538 1686 4637 qui
1730 4537 2073 4637 probitate
2125 4547 2197 4613 et
2241 4538 2675 4614 humanitate
2727 4536 3065 4611 excellant
3113 4536 3480 4635 omnisque
3526 4536 3842 4635 pulchri,
3893 4534 4062 4609 boni

1022 4658 1095 4727 et
1158 4654 1297 4727 veri
1363 4656 1594 4732 studio
1652 4666 1863 4756 atque
1931 4658 2173 4732 ardore
2232 4658 2563 4732 ferantur.
2666 4658 2868 4734 Quae
2913 4656 2972 4729 si
3018 4656 3090 4730 in
3135 4656 3265 4730 hoc
3310 4656 3778 4731 doctrinarum
3834 4652 4066 4729 stadio

1018 4770 1165 4847 Vos
1234 4783 1519 4885 ornant,
1592 4777 1666 4851 in
1735 4786 2093 4878 posterum
2164 4776 2328 4852 huic
2396 4774 2670 4851 Patriae
2742 4784 3014 4852 nostrae
3087 4776 3276 4850 eritis
3350 4775 3580 4850 decori
3652 4772 4062 4871 Vestrisque
