4766 6034
1850 632 2407 703 ORATIO.
3302 644 3309 649 ’
3515 630 3644 698 205

607 848 1050 925 alacritatem.
1150 845 1614 947 Euangelium
1678 853 1913 921 autem
1970 856 2042 920 te
2103 845 2370 921 saniora
2430 842 2666 917 docuit
2727 850 2799 916 et
2860 867 3060 942 porro
3115 840 3424 930 docebit,
3474 864 3645 939 quo-

605 996 766 1045 rum
803 970 1072 1045 fructus
1116 977 1196 1043 ut
1232 976 1304 1042 et
1347 966 1488 1041 vita
1523 974 1648 1041 tua
1685 966 2180 1041 incredibiliter
2215 976 2548 1063 occupata
2592 969 2663 1038 et
2702 962 3079 1061 Academia
3118 972 3355 1037 nostra
3398 959 3645 1035 diutis—
3705 988 3713 997 ·

607 1092 782 1165 sime
829 1090 1091 1190 capiat,
1141 1090 1215 1163 in
1267 1088 1440 1163 votis
1489 1099 1596 1163 est
1647 1094 1726 1162 ut
1771 1087 1948 1162 nihil
1992 1087 2237 1186 magis,
2307 1090 2316 1099 '
2831 1073 2839 1086 ’

706 1212 984 1285 Nomen
1027 1222 1233 1284 tuum
1267 1232 1692 1307 quamquam
1723 1206 2038 1282 nondum
2066 1206 2549 1305 pronunciavi,
2586 1205 2691 1279 cl.
2724 1204 3129 1281 Ionckbloet
3146 1262 3165 1293 ,
3198 1204 3650 1304 pronunciare

609 1340 844 1407 tamen
881 1355 1020 1405 non
1055 1330 1288 1405 minus
1309 1353 1538 1427 ,quam
1571 1329 1860 1405 aliorum
1901 1350 2154 1401 nomen
2188 1325 2465 1400 hono‘ris
2499 1350 2707 1399 causa
2744 1332 3100 1431 potueram
3120 1383 3139 1413 ,
3168 1325 3227 1399 si
3250 1350 3333 1399 ex
3360 1325 3649 1423 collega-

609 1475 768 1524 rum
812 1450 1084 1551 scriptis
1115 1457 1238 1525 aut
1273 1450 1551 1549 propria
1589 1450 1990 1525 confirmare
2035 1456 2158 1523 aut
2197 1448 2493 1521 refutare
2524 1447 2747 1521 aliena
2782 1445 2978 1520 valde
3004 1455 3247 1546 aptum
3282 1448 3651 1521 videretur.

609 1572 722 1644 Tu
773 1571 962 1644 enim
1019 1569 1572 1643 doctissimorum
1631 1570 1966 1644 librorum
2011 1568 2298 1667 scriptor
2347 1592 2422 1641 es
2442 1623 2461 1655 ,
2502 1575 2574 1641 et
2618 1566 2997 1641 Daventria.
3044 1566 3183 1641 huc
3226 1576 3507 1643 vocatus
3563 1568 3655 1641 ad

610 1690 844 1765 literas
903 1689 1444 1765 Nederlandicas
1508 1697 1580 1763 et
1639 1690 1995 1764 historiam
2049 1688 2323 1763 Patriae
2375 1687 2747 1761 tradendas
2766 1746 2787 1775 ,
2840 1688 3015 1762 hanc
3061 1687 3461 1763 cathedram
3511 1711 3651 1761 non

611 1820 888 1885 tantum
933 1810 1262 1885 Oratione
1309 1809 1668 1898 salutasti,
1721 1834 1961 1885 verum
2009 1810 2219 1885 etiam
2268 1833 2475 1909 opere
2522 1807 2783 1882 ornasti
2827 1806 3189 1905 ampliore,
3240 1807 3647 1882 eruditionis

613 1939 685 2005 et
741 1929 1282 2031 perspicacitatis
1321 1936 1482 2003 tuae
1531 1936 1708 2003 teste
1750 1929 2307 2029 locupletissimo,
2412 1929 2643 2003 Macte
2690 1925 2820 2001 hac
2866 1928 3120 2001 virtute
3166 1935 3314 2001 esto
3327 1985 3348 2015 ,
3397 1927 3659 2025 collega

611 2048 1157 2124 honoratissime.
1259 2047 1530 2121 Cuncta
1587 2046 1719 2121 tibi
1779 2047 1854 2121 in
1908 2046 2047 2122 vita
2112 2057 2258 2121 tam
2325 2045 2701 2121 domestica
2754 2071 2961 2145 quam
3020 2046 3289 2121 literata
3338 2070 3659 2146 prospere

610 2169 1022 2268 procedant,
1093 2191 1314 2267 eaque
1371 2166 1770 2267 Groningae
1827 2168 2072 2243 floreas
2123 2175 2195 2241 et
2239 2167 2431 2266 apud
2484 2192 2723 2243 omnes
2772 2168 2996 2267 gratia
3043 2176 3115 2241 et
3158 2167 3347 2265 apud
3391 2168 3657 2242 Acade-

609 2289 793 2364 miae
831 2288 1016 2363 cives
1058 2287 1464 2363 auctoritate
1482 2346 1503 2375 ,
1570 2288 1708 2361 tuis
1754 2295 1834 2362 ut
1877 2288 2200 2387 auspiciis
2253 2287 2422 2362 haec
2472 2287 2879 2387 gravissima
2930 2287 3240 2363 doctrina
3286 2287 3359 2361 in
3408 2288 3659 2362 multo-

612 2434 774 2483 rum
819 2408 1074 2483 animis
1120 2408 1386 2482 iustum
1437 2406 1548 2481 sui
1593 2408 1993 2507 patriaeque
2039 2432 2346 2483 amorem
2398 2408 2707 2485 suscitet.

713 2526 1288 2603 Animadvertitis
1303 2584 1324 2617 ,
1393 2525 1642 2627 optimi
1705 2528 2002 2603 Iuvenes
2020 2586 2040 2616 ‚
2109 2553 2152 2603 a
2219 2527 2677 2629 praeceptoris
2743 2550 2951 2602 causa
3012 2550 3295 2601 causam
3364 2534 3663 2601 vestram

614 2674 760 2725 non
852 2648 1172 2748 separari.
1299 2646 1488 2722 Nam
1567 2647 1984 2725 Academiae
2089 2649 2345 2725 Rector
2424 2647 2703 2747 collegis
2800 2647 2948 2721 suis
3028 2647 3259 2723 fausta
3348 2671 3663 2747 quaeque

613 2776 962 2869 exoptans
985 2824 1006 2857 ,
1071 2764 1300 2867 probe‘
1349 2766 1576 2855 novit,
1643 2776 1904 2867 quanta
1949 2768 2024 2843 in
2073 2768 2419 2845 felicitatis
2468 2776 2665 2868 parte
2712 2792 2877 2841 suae
2923 2767 3221 2866 quisque
3262 2766 3663 2866 disciplinae

623 2888 894 2964 fructus
956 2894 1192 2987 ponat.
1296 2889 1746 2987 Quamquam
1765 2947 1784 2977 ,
1850 2913 1970 2964 vos
2029 2889 2368 2978 intuenti,
2432 2888 2567 2963 alia
2616 2886 2827 2963 etiam
2866 2888 3041 2961 mihi
3078 2888 3151 2961 in
3191 2894 3501 2962 mentem
3547 2913 3664 2961 ve-

617 3010 848 3085 niunt.
947 3008 1228 3084 Etenim
1282 3033 1686 3109 progressus
1733 3010 1962 3109 cogito
1982 3069 2002 3101 ,
2069 3037 2243 3110 quos
2291 3009 2496 3086 multi
2541 3016 2845 3084 vestrum
2895 3007 3025 3083 hoc
3068 3033 3250 3083 anno
3299 3009 3373 3082 in
3418 3008 3668 3082 studiis

621 3127 974 3202 doctrinae
1027 3127 1376 3216 fecerunt,
1427 3153 1806 3228 eorumque
1855 3131 1929 3205 in
1975 3131 2219 3229 primis
2264 3157 2352 3205 ex
2399 3130 2639 3205 ordine
2682 3133 2907 3202 vestro
2952 3128 3185 3226 imago
3224 3137 3385 3202 ante
3432 3127 3667 3202 oculos

620 3247 1026 3322 obversatur
1045 3305 1066 3335 ,
1133 3247 1390 3346 quibus
1453 3248 1844 3347 disquisitio
1905 3250 2183 3350 publica
2241 3275 2385 3324 non
2438 3258 2543 3324 est
2596 3247 2977 3322 industriae
3024 3248 3455 3347 propositum
3475 3306 3493 3336 ,
3544 3247 3669 3322 sed

620 3367 1102 3468 opportunitas
1149 3391 1638 3466 progressuum
1683 3369 1758 3444 in
1803 3371 2013 3446 rebus
2060 3369 2564 3445 honestissimis
2605 3368 3141 3468 probandorum.
3242 3369 3430 3466 Ergo
3474 3368 3667 3442 haud
3812 3384 3829 3416 ¹

621 3489 880 3563 desunt
924 3485 1128 3562 nobis
1148 3544 1166 3574 ,
1231 3486 1418 3560 unde
1465 3487 1584 3562 alii
1628 3487 1932 3577 discant,
1999 3487 2413 3565 Academias
2459 3488 2773 3562 nondum
2815 3513 2967 3563 esse
3016 3488 3319 3564 officinas
3339 3547 3358 3577 ,
3411 3489 3668 3587 quibus

621 3609 881 3683 tirones
939 3606 1342 3682 brevissimo
1395 3615 1703 3707 tempore
1758 3606 1850 3683 ad
1899 3617 2118 3685 artem
2165 3635 2371 3686 suam
2413 3634 2574 3684 cum
2618 3608 3026 3708 compendio
3066 3609 3514 3684 factitandam
3562 3609 3667 3684 in·

625 3733 983 3802 struantur
1003 3783 1024 3813 ,
1091 3726 1214 3800 sed
1276 3727 1530 3801 almam
1579 3735 1871 3802 matrem
1917 3728 1993 3801 id
2034 3729 2262 3805 adhuc
2303 3754 2507 3829 agere
2527 3788 2547 3817 ,
2600 3735 2681 3802 ut
2725 3753 2845 3803 vos
2864 3788 2883 3818 ,
2933 3729 3083 3805 eius
3127 3729 3426 3817 alumni,
3476 3755 3667 3829 prae-

623 3845 1007 3946 paramini,
1070 3845 1194 3943 qui
1250 3845 1622 3942 aliquando
1683 3846 1866 3920 Iuris
1917 3849 2025 3923 vel
2073 3850 2464 3925 Medicinae
2515 3850 2624 3924 vel
2670 3849 2961 3924 aliarum
3009 3850 3481 3926 doctrinarum
3540 3849 3665 3924 sci-

627 3967 817 4041 entia
859 3964 1156 4051 imbuti,
1206 3975 1278 4038 et
1321 3965 1488 4040 haec
1535 3966 1766 4041 studia
1809 3969 2142 4043 tueamini
2183 3978 2252 4043 et
2289 3993 2437 4043 rem
2479 3970 2829 4068 publicam
2877 3972 2951 4045 in
2993 3971 3414 4070 gravissimis
3464 3971 3669 4046 rebus

626 4085 886 4162 ornetis
931 4093 1142 4182 atque
1189 4084 1488 4158 fulciatis
1507 4143 1526 4173 ,
1578 4096 1649 4161 et
1696 4086 1856 4162 hinc
1893 4086 2088 4161 vobis
2140 4095 2294 4163 tum
2335 4088 2625 4163 honesta
2672 4090 2849 4164 vitae
2888 4089 3198 4164 subsidia
3234 4101 3385 4164 tum
3431 4090 3669 4166 laudes

625 4203 1041 4304 comparetis
1088 4202 1352 4278 meritis
1406 4205 1770 4304 quaesitas.
1872 4209 2026 4306 Ego
2073 4207 2646 4306 quotiescumque
2699 4209 2787 4282 de
2842 4209 3200 4283 excellenti
3253 4207 3671 4284 Academiae

627 4328 778 4402 cive
839 4324 1110 4423 cogito,
1175 4323 1380 4398 toties
1439 4325 1610 4400 mihi
1671 4326 1746 4400 in
1809 4351 1892 4400 eo
1943 4326 2172 4401 videre
2225 4326 2455 4400 videor
2500 4327 2821 4402 eximiam
2876 4327 3139 4426 ingenii
3183 4328 3533 4424 animique
3578 4329 3670 4401 ad

627 4445 978 4544 praeclara
1029 4467 1346 4541 quaeque
1385 4445 1978 4543 conspirationem.
2079 4447 2166 4520 In
2217 4446 2471 4520 artium
2520 4453 2589 4519 et
2633 4447 2983 4521 literarum
3038 4447 3326 4533 studiis,
3374 4448 3447 4518 in
3497 4449 3667 4520 ami·

628 4565 836 4640 citiae
887 4561 1188 4650 deliciis,
1239 4562 1602 4639 stultitiam
1652 4565 1823 4640 adeo
1864 4565 2164 4640 consiliis
2204 4565 2481 4641 brevem
2526 4565 2859 4652 miscens,
2909 4565 3007 4639 ita
3042 4565 3389 4663 inquirere
3438 4567 3672 4642 omnia

630 4685 870 4783 cupit,
923 4690 1004 4756 ut
1049 4683 1142 4756 τὸ
1185 4683 1429 4759 καλόν
1475 4683 1608 4757 sibi
1649 4685 1819 4784 eripi
1860 4686 2050 4761 haud
2092 4686 2415 4786 patiatur.
2514 4682 2702 4759 Illud
2748 4685 3151 4782 praesertim
3196 4693 3439 4762 tenens
3460 4745 3481 4776 ,
3525 4687 3668 4786 pie·

629 4813 854 4880 tatem
928 4827 1092 4900 erga
1148 4802 1380 4876 Deum
1439 4801 1700 4876 fontem
1758 4829 1907 4878 esse
1958 4804 2332 4902 sapientiae
2351 4863 2372 4893 ,
2424 4802 2889 4880 saluberrimis
2937 4805 3297 4904 paullatim
3337 4806 3675 4882 imbuitur
