4766 6034
1226 613 1354 702 we
2449 610 3109 696 runlc1A„

1221 821 1567 922 responsis
1610 845 1773 921 prae
1816 820 1949 897 alia
1990 819 2253 921 placuit
2293 820 2582 910 Ordini;
2634 845 2761 898 nec
2802 829 3034 898 tamen
3077 824 3201 896 aut
3242 818 3332 896 ab
3365 817 3518 896 aliis
3537 879 3558 908 ,
3608 827 3733 898 aut
3769 821 3858 897 ab
3899 821 4002 899 his
4037 824 4208 924 scrip-

1222 941 1489 1018 toribus
1556 941 1869 1041 quaestio
1937 941 2024 1016 de
2069 940 2424 1018 functione
2465 941 2665 1018 lienis
2709 965 2990 1042 prorsus
3042 939 3268 1016 soluta
3320 940 3611 1018 videtur.
3713 942 3874 1020 Hac
3919 943 4004 1020 de
4041 969 4212 1022 causa

1224 1063 1417 1138 Ordo
1479 1064 1711 1162 potius
1778 1062 2283 1138 attendendum
2350 1062 2622 1138 censuit
2686 1063 2782 1138 ad·
2843 1062 3336 1161 praestantiam
3391 1062 3654 1162 ingenii
3724 1071 3798 1140 et
3867 1063 4102 1142 laboris
4153 1066 4214 1140 in

1220 1185 1565 1283 responsis
1612 1183 1992 1259 elucentem
2016 1241 2037 1272 ,
2081 1207 2295 1281 quam
2346 1184 2438 1258 ad
2487 1183 2972 1282 disputationis
3023 1189 3352 1260 eventum
3395 1192 3467 1260 et
3513 1184 3744 1262 finem.

1318 1306 1601 1406 Apertis
1642 1304 1989 1380 schedulis
2028 1303 2339 1380 constitit
2376 1304 2585 1403 primi
2627 1304 2939 1403 responsi
2973 1311 3324 1381 auctorem
3361 1329 3514 1380 esse
3551 1299 3968 1382 Auouswn
3988 1305 4213 1394 SAssr,

1222 1451 1259 1498 e
1309 1450 1493 1526 pago
1552 1426 1639 1500 de
1682 1425 1850 1525 Rijp
1905 1419 2335 1500 Hollandum
2356 1483 2376 1512 ,
2427 1424 2618 1500 Med.
2663 1430 2733 1502 et
2777 1424 3032 1502 Philos.
3081 1425 3251 1500 Nat.
3295 1424 3368 1500 in
3412 1424 3522 1502 Ill.
3565 1426 3930 1504 Athenaeo
3975 1427 4214 1502 Amata·

1218 1544 1600 1620 lodamensi
1648 1543 1871 1620 Cand.
1893 1601 1913 1632 ,
1964 1544 2089 1641 qui
2134 1543 2350 1642 igitur
2395 1567 2605 1620 aureo
2653 1567 2943 1618 nummo
2990 1544 3343 1620 ornandus
3391 1553 3519 1622 est.

1315 1665 1627 1742 Alterius
1696 1665 2007 1764 responsi
2070 1673 2422 1740 auctorem
2489 1688 2640 1740 esse
2699 1664 2931 1764 patuit
2974 1665 3318 1740 Goentm
3371 1667 3736 1754 S‘rms’raA
3759 1725 3780 1755 ,
3829 1665 4216 1764 Harlingen-

1220 1813 1362 1862 sem
1389 1845 1410 1876 ‚
1472 1786 1641 1862 Litt.
1703 1785 1924 1860 Hum.
1987 1795 2059 1860 et
2106 1784 2299 1860 Med.
2353 1784 2576 1862 Cand.
2621 1785 2699 1860 in
2747 1785 3127 1862 Academia
3181 1786 3671 1887 Groningana,
3722 1786 3848 1886 qui
3896 1811 4112 1886 quum
4147 1785 4221 1862 ad

1220 1903 1565 1982 summam
1600 1905 1879 1980 laudem
1928 1904 2237 2003 proxime
2276 1906 2631 1982 accederet
2678 1930 3052 1982 nummum
3096 1905 3384 2006 accipiet
3429 1913 3860 2006 argenteum.

1311 2026 1807 2125 Responsionis
1873 2025 2113 2101 tertiae
2183 2035 2534 2104 auctorem
2599 2053 2749 2104 esse
2819 2025 3144 2126 apparuit
3205 2029 3697 2104 Asnanmnu
3757 2029 4216 2104 Fannnmcux

1216 2171 1365 2224 van
1402 2148 1875 2224 WAonmncn
1896 2205 1917 2236 ,
1969 2147 2628 2224 Roterodamensem
2651 2207 2670 2236 ,
2708 2148 2782 2224 in
2823 2147 3204 2226 Academia
3249 2147 3699 2226 Ultraiectina
3743 2149 3940 2224 Med.
3989 2148 4186 2224 Cand.
4204 2207 4222 2237 ,

1214 2267 1327 2344 cui
1376 2268 1831 2344 honorificum
1872 2267 2357 2342 testimonium
2407 2267 2741 2345 tradetur.

3379 2415 3432 2475 1.
3451 2430 3574 2474 van
3595 2413 3816 2473 DEEN
3830 2458 3848 2486 ,

3294 2518 3428 2580 Ord.
3468 2519 3526 2580 b.
3567 2523 3614 2580 t.
3653 2519 3722 2578 ab
3761 2515 3928 2577 accio.

1313 2753 1498 2828 Ordo
1539 2754 2085 2852 Disciplinarum
2136 2756 2804 2830 Mathematicarum
2860 2759 2933 2828 et
2978 2755 3436 2852 Physicarum
3477 2753 3568 2828 ad
3610 2749 4052 2851 quaestiones
4086 2777 4220 2852 pm·

1201 2873 1462 2971 positas
1518 2897 1741 2949 unum
1792 2874 2002 2948 modo
2045 2898 2458 2975 responsum
2501 2875 2763 2974 accepit
2807 2882 2880 2949 et
2916 2873 3204 2973 quidem
3243 2874 3334 2950 ad
3377 2872 3888 2973 quaestionem:
3961 2875 4220 2952 nQuae·

1198 2993 1377 3068 ritur
1420 2993 1812 3093 disquisitio
1859 2994 2181 3073 botanica
2198 3055 2217 3086 ‚
2282 2997 2568 3098 physica
2613 3006 2685 3072 et
2731 2995 3040 3073 chemica
3087 2996 3178 3071 de
3221 2995 3484 3095 amy10,
3531 2993 3848 3095 inprimis
3895 3000 3979 3071 ut
4027 2993 4218 3071 huius

1196 3114 1389 3214 origo
1407 3173 1428 3204 ‚
1480 3123 1827 3191 structura
1872 3124 1943 3190 et
1982 3117 2205 3192 variae
2252 3118 2514 3216 species
2552 3118 3010 3194 innotescant.
3111 3118 3556 3217 Responsum
3598 3114 3904 3219 praemio
3949 3114 4214 3215 dignius

1194 3235 1616 3312 iudicabitur
1664 3236 1724 3311 si
1770 3237 2087 3337 propriae
2135 3246 2450 3313 auctores
2498 3238 3009 3315 observationes
3056 3238 3470 3314 accedunt.”

1292 3356 1453 3431 Hoc
1496 3382 1917 3458 responsum
1946 3358 2356 3457 inscriptum
2408 3359 2770 3435 lemmate:
2830 3361 2972 3433 nAl
3005 3366 3144 3435 wat
3185 3361 3274 3434 de
3311 3364 3566 3433 natatur
3590 3358 3890 3455 oplevert
3912 3360 3978 3433 is
3995 3357 4214 3433 schoo-

1193 3502 1275 3549 θη
1316 3502 1435 3551 een
1473 3480 1765 3578 qrondt'y
1813 3481 2183 3554 onderzoek
2226 3480 2732 3579 overwaardiffl
2785 3477 3036 3553 Ordini
3086 3476 3279 3553 haud
3323 3475 3605 3577 placuit.
3705 3474 3892 3550 Sunt
3942 3474 4208 3573 quidem

1189 3596 1523 3671 nonnulla
1568 3598 1733 3673 satis
1786 3598 1963 3672 bene
2007 3599 2079 3674 in
2124 3599 2330 3674 hacce
2360 3598 2732 3698 scriptione
2766 3598 3116 3699 proposita
3136 3655 3156 3687 ‚
3207 3598 3332 3673 sed
3371 3600 3864 3695 argumentum
3909 3595 4206 3669 universe

1188 3715 1405 3806 nimia
1470 3715 1744 3791 levitate
1822 3725 2192 3795 tractatum
2258 3718 2555 3794 videtur.
2655 3720 3148 3795 Recentiorum
3199 3716 3386 3791 enim
3423 3722 3713 3791 naturae
3760 3721 4202 3791 scrutatorum

1144 3860 1391 3935 ·opera
1449 3836 1536 3911 de
1592 3838 1803 3937 amyli
1869 3838 2135 3937 origine
2157 3898 2177 3927 ,
2246 3846 2594 3915 structura
2641 3848 2712 3915 et
2759 3840 2962 3914 variis
3009 3838 3370 3937 speciebus
3417 3836 3676 3911 multas
3721 3860 3974 3935 easque
4023 3856 4204 3932 egre·

1182 3957 1334 4054 gias
1412 3956 1769 4032 continent
1833 3959 2351 4058 disquisitiones
2419 3960 2678 4059 quibus
2752 3969 2824 4034 et
2887 3960 2960 4034 in
3021 3958 3343 4033 botanica
3401 3965 3476 4032 et
3526 3957 3600 4031 in
3649 3954 3958 4031 chemica
4003 3952 4202 4029 huius

1180 4077 1576 4175 argumenti
1631 4087 1825 4175 parte
1884 4080 2176 4178 scriptor
2220 4080 2327 4154 uti
2370 4081 2710 4180 potuisset
2753 4081 2846 4156 ad
2887 4078 3298 4155 illustranda
3338 4104 3420 4153 ea
3461 4100 3642 4177 quae
3694 4082 3902 4151 antea
3949 4074 4070 4149 hac
4115 4072 4196 4147 de

1180 4220 1255 4269 re
1316 4196 1607 4295 probata
1672 4196 1967 4273 fuerant.
2067 4199 2225 4274 Hoc
2292 4224 2450 4273 vero
2517 4224 2657 4275 non
2715 4199 2897 4277 fecit.
2999 4200 3234 4274 Pauca
3296 4196 3504 4271 modo
3569 4220 3656 4271 ex
3715 4219 3856 4268 uno
3917 4195 4194 4271 alterove

1180 4314 1506 4413 scriptore
1546 4322 1617 4390 et
1650 4316 1831 4391 'haec
1874 4316 2159 4416 quidem
2204 4341 2456 4415 parum
2501 4326 2816 4393 accurate
2855 4317 3142 4417 'collegit
3161 4376 3182 4408 ‚
3227 4318 3351 4395 sed
3391 4342 3542 4393 rem
3583 4316 3811 4414 ipsam
3849 4313 4186 4410 haudqua-

1179 4458 1391 4533 quam
1458 4435 1776 4511 funditus
1846 4436 2199 4526 tractavit3
2266 4438 2724 4537 quamobrem
2797 4439 2988 4515 Ordo
3067 4439 3334 4515 auctori
3417 4437 3628 4513 huius
3709 4431 4184 4511 dissertationis

1178 4554 1564 4653 praemium
1615 4555 1977 4657 designare
2023 4582 2163 4633 non
2204 4558 2464 4658 potuit.

3227 4681 3928 4773 ·msdmoemmn

3303 4818 3438 4880 ord.
3456 4818 3518 4879 ἦ.
3532 4824 3580 4881 ἐ.
3597 4820 3664 4878 ab
3681 4816 3846 4879 adis.
