4766 6034
1865 663 2425 735 ORATIO.
3624 672 3757 749 9,

623 875 1066 979 pharmaciae
1079 933 1102 966 ,
1147 874 1456 952 chemise
1474 933 1497 966 ,
1555 874 1876 953 botaniae
1914 885 1986 952 et
2031 875 2356 953 historiae
2396 874 2697 951 naturali
2721 898 3003 975 operam
3031 875 3307 953 navavit
3322 933 3345 966 ,
3383 884 3661 954 auctore

624 1008 842 1099 atque
894 998 1210 1074 adiutore
1255 996 1464 1073 fratre
1483 1054 1508 1087 ‚
1572 1020 1784 1097 quem
1835 997 2228 1073 studiorum
2279 996 2531 1072 ducem
2586 994 2835 1071 habuit
2875 994 3370 1073 felicissimum.
3468 998 3661 1075 Lati-

621 1144 762 1197 nae
813 1143 1095 1220 quoque
1149 1118 1430 1219 linguae
1483 1118 1715 1194 studio
1733 1176 1754 1207 ,
1803 1142 2018 1217 quam
2069 1124 2312 1217 postea
2357 1124 2505 1193 tam
2554 1116 2833 1217 egregie
2883 1116 3177 1193 callebat
3194 1176 3215 1207 ,
3265 1126 3435 1194 tunc
3484 1126 3661 1196 tem-

623 1240 814 1340 poris
854 1238 1168 1315 animum
1213 1238 1594 1339 applicasse
1642 1237 1936 1313 videtur.

647 1362 660 1375 ⁶
733 1360 886 1435 Hoc
936 1358 1074 1434 sibi
1115 1366 1354 1434 tamen
1395 1384 1535 1434 non
1569 1357 1998 1459 propositum
2025 1357 2607 1434 Rmuwsnn'rms
2631 1356 2937 1433 habebat
2951 1415 2973 1447 ,
3019 1364 3100 1434 ut
3121 1359 3333 1437 vitam
3358 1360 3433 1435 in
3452 1360 3659 1461 phar·

623 1478 1030 1557 maceuticis
1093 1478 1346 1555 studiis
1392 1488 1751 1580 perageret
1798 1478 2112 1578 adeoque
2157 1502 2242 1553 ea
2295 1503 2421 1578 per
2464 1477 2937 1555 excellentiam
2986 1480 3273 1571 coleret;
3340 1482 3466 1556 sed
3515 1506 3660 1558 me-

624 1600 899 1677 dicinae
947 1624 1228 1701 operam
1269 1600 1434 1676 dare
1479 1600 1932 1675 constituerat
1981 1606 2266 1699 eratque
2313 1597 2415 1709 in⁸
2436 1624 2519 1673 eo
2560 1606 2641 1673 ut
2682 1599 3130 1699 Goettingam
3169 1626 3243 1676 se
3282 1600 3659 1691 conferret,
3734 1676 3763 1693 ,

619 1719 753 1797 ubi
793 1719 1186 1795 academica
1239 1718 1346 1795 uti
1399 1718 1836 1795 institutione
1879 1720 2272 1795 decreverat
2285 1776 2306 1809 ,
2359 1743 2579 1817 quum
2599 1778 2621 1813 ,
2670 1718 2949 1819 egregia
2996 1720 3147 1795 eius
3193 1722 3478 1798 scientia
3518 1722 3659 1797 dis-

623 1840 1044 1939 ciplinarum
1103 1842 1526 1919 naturalium
1578 1842 1652 1915 in
1705 1838 1930 1940 patria
1987 1846 2224 1915 nostra
2286 1846 2677 1938 perspecta,
2738 1864 2922 1914 anno
2984 1842 3174 1915 1800
3233 1843 3658 1917 ΞοΗΑοΗτιο

619 1968 902 2055 mortuo
942 1960 1015 2035 in
1057 1986 1348 2053 vacuam
1385 1959 1804 2037 Academiae
1834 1958 2403 2036 Hardervicensis
2438 1959 2835 2035 cathedram
2880 1968 3235 2035 vocaretur
3251 2019 3272 2049 ‚
3310 1961 3483 2037 dum
3518 1962 3659 2037 iam

615 2088 786 2155 ante
847 2080 1126 2157 honoris
1192 2106 1401 2157 causa
1450 2080 1924 2181 philosophiae
1942 2137 1964 2169 ,
2036 2078 2561 2178 medicinaeque
2640 2078 2878 2154 doctor
2942 2087 3123 2154 esset
3189 2080 3657 2158 renunciatus.

611 2202 759 2276 Die
807 2200 1080 2277 decimo
1136 2202 1397 2292 mensis
1453 2201 1645 2276 Iunii
1711 2202 1876 2277 anni
1924 2202 2110 2275 1801
2165 2202 2747 2276 Rmuwsanrms
2792 2222 3053 2273 munus
3095 2199 3270 2275 obiit
3312 2202 3619 2277 oratione
3636 2236 3656 2275 ε

623 2322 765 2398 nde
827 2323 1069 2398 ardore
1124 2348 1266 2423 quo
1316 2322 1670 2398 Historiae
1729 2319 2061 2397 naturalis
2117 2326 2190 2395 et
2250 2318 2595 2420 imprimis
2641 2318 3008 2395 Botanices
3066 2320 3363 2396 cultores
3408 2323 3483 2397 in
3532 2348 3659 2399 sua

618 2440 906 2519 nstudia
946 2442 1350 2522 feruntur.''.

599 2553 611 2557 ’
725 2563 814 2637 In
858 2587 943 2638 ea
981 2563 1327 2656 oratione,
1374 2591 1554 2665 quae
1601 2591 1874 2642 summo
1921 2566 2072 2642 iure
2115 2566 2256 2642 stili
2299 2574 2371 2640 et
2419 2564 2698 2665 linguae
2728 2564 3075 2665 exemplar
3102 2566 3432 2655 habetur,
3483 2593 3653 2667 qua-

613 2708 763 2782 que
801 2684 1380 2767 Rsmwannrms
1413 2712 1769 2763 summum
1806 2694 2093 2762 naturae
2135 2684 2593 2785 explorandae
2629 2691 2703 2760 et
2746 2686 3260 2785 cognoscendae
3300 2687 3612 2764 ardorem
3634 2746 3657 2777 ,

613 2828 765 2904 quo
813 2804 1198 2898 ferebatur,
1247 2809 1522 2909 egregie
1567 2808 1872 2883 ostendit
1889 2865 1910 2896 ‚
1974 2806 2419 2881 vividissimis
2472 2804 2816 2881 coloribus
2866 2806 3089 2881 officia
3128 2807 3279 2882 eius
3298 2865 3319 2896 ,
3368 2808 3492 2906 qui
3534 2833 3657 2883 na-

615 2934 824 3001 turae
867 2928 1196 3027 mysteria
1237 2935 1448 3029 atque
1491 2953 1738 3013 arcana
1779 2929 2059 3028 penitus
2102 2926 2519 3029 perscrutari
2558 2924 2693 2999 sibi
2728 2926 3088 3026 proponit,
3140 2925 3617 3027 depinguntur
3635 2988 3655 3017 ,

607 3048 832 3147 idque
877 3049 1178 3124 maxime
1224 3050 1472 3125 nititur
1530 3050 2035 3126 demonstrare:
2091 3047 2385 3124 ‘necesse
2447 3069 2596 3122 esse
2652 3053 2734 3120 ut
2778 3045 2936 3120 illae
2986 3046 3465 3146 indagationes
3515 3072 3656 3124 non

609 3192 761 3243 una
809 3168 995 3244 orbis
1047 3178 1384 3246 terrarum
1423 3171 1702 3268 regione
1735 3169 2068 3244 finiantur
2087 3227 2108 3258 ,
2160 3168 2283 3244 sed
2329 3191 2543 3267 quam
2587 3164 2921 3252 latissime
2962 3166 3448 3243 extendantur.

709 3269 1079 3364 'nNaturae
1145 3290 1486 3388 templum
1507 3347 1528 3378 ,
1594 3289 1732 3378 ait,
1794 3288 2156 3364 universus
2217 3311 2358 3386 qua
2416 3287 2552 3361 late
2611 3293 2813 3385 patet³
2870 3293 3208 3360 terrarum
3269 3285 3455 3360 orbis
3508 3295 3653 3376 est;

615 3409 855 3483 nhunc
915 3409 1107 3484 adire
1161 3417 1472 3510 oportet,
1538 3410 1726 3484 hunc
1791 3408 2182 3508 pervagari,
2250 3407 2326 3480 in
2387 3432 2468 3482 eo
2533 3405 3117 3506 peregrinandum
3195 3415 3302 3482 est
3364 3414 3652 3484 naturae

613 3528 1166 3604 uscrutatoribus
1185 3588 1206 3618 ‚
1257 3531 1318 3606 si
1369 3554 1572 3604 nosse
1619 3529 1834 3604 velint
1877 3529 2048 3628 quid
2105 3534 2354 3603 natura
2398 3528 2605 3602 faciat
2642 3533 2766 3601 aut
2816 3525 3063 3602 ferat.’'

687 3648 828 3723 ·An
893 3673 977 3723 eo
1042 3649 1185 3724 iam
1244 3657 1556 3750 tempore
1611 3650 1900 3724 ardebat
1968 3649 2202 3725 studio
2261 3693 2365 3710 -
2436 3647 2645 3723 verba
2704 3656 2870 3722 s'unt
2927 3649 3135 3724 unius
3198 3675 3283 3725 ex
3346 3650 3658 3728 defuncti

607 3767 858 3844 amicis
925 3809 1028 3827 —
1088 3769 1546 3876 explorandae
1601 3777 1890 3846 naturae
1962 3769 2344 3846 maiestatis
2412 3771 2485 3844 in
2546 3768 2717 3866 ipsis
2777 3768 3090 3868 regionib
3098 3795 3177 3846 us
3231 3773 3507 3870 tropicis
3555 3821 3656 3835 —-

608 3888 1218 3987 praesentiebatne
1264 3886 1719 3991 provinciam,
1771 3915 1984 3990 quam
2028 3891 2294 3990 aliquot
2340 3890 2541 3965 annis
2579 3896 2740 3987 post
2786 3901 2968 3964 esset
3014 3895 3511 3990 suscepturus?

709 4007 1100 4085 Multifaria
1135 4017 1282 4086 erat
1317 4009 1637 4099 materia,
1675 4010 1750 4086 in
1779 4035 1920 4110 qua
1949 4011 2494 4086 anwaan'rro
2516 4009 2923 4085 Hardeivici
2948 4019 3093 4085 erat
3114 4011 3647 4106 elaborandum3

607 4151 758 4202 nou
817 4127 1044 4204 solum
1121 4130 1441 4206 botaniae
1505 4131 1629 4206 sed
1696 4131 1908 4208 etiam
1973 4131 2282 4206 chemise
2349 4138 2422 4204 et
2490 4129 2813 4204 historiae
2876 4132 3209 4207 naturalis
3275 4133 3341 4207 ei
3396 4133 3653 4234 obtigit

615 4247 1091 4324 docendarum
1127 4251 1508 4350 provincia3
1530 4252 1765 4327 omnia
1783 4311 1802 4340 ,
1842 4276 2021 4351 quae
2050 4250 2356 4326 chemiae
2386 4259 2457 4324 et
2482 4249 2803 4325 botaniae
2833 4250 3161 4326 docendis
3193 4252 3649 4349 explicandis-

611 4393 754 4466 que
815 4378 1100 4468 pessent
1152 4371 1480 4448 inservire
1499 4431 1520 4462 ‚
1587 4373 1887 4472 pessime
1939 4379 2136 4447 erant
2187 4370 2463 4460 habita,
2514 4369 2682 4444 dum
2700 4427 2720 4458 ,
2773 4370 3066 4445 durante
3111 4381 3183 4446 et
3229 4382 3649 4471 aggravante

605 4490 1063 4565 antecessoris
1147 4492 1391 4567 morbo
1408 4550 1429 4581 ,
1506 4493 1778 4567 Hortus
1843 4491 2205 4568 botanicus
2275 4499 2348 4564 et
2419 4488 2962 4598 Laboratorium
3026 4497 3383 4590 tantopere
3450 4501 3649 4574 erant
3794 4567 3803 4572 ,

605 4607 927 4706 neglecta
948 4667 969 4697 ,
1034 4616 1116 4685 ut
1179 4611 1266 4686 de
1313 4636 1492 4686 novo
1540 4613 1683 4687 fere
1739 4621 1972 4688 essent
2025 4611 2453 4687 instruenda.
2572 4609 2785 4688 Quod
2842 4617 3077 4686 tamen
3140 4635 3415 4686 summo
3483 4635 3648 4687 cum

605 4727 846 4802 studio
905 4729 1096 4804 brevi
1158 4731 1444 4830 perfecit
1461 4789 1484 4821 ,
1549 4733 1648 4808 ita
1719 4741 1802 4809 ut
1864 4734 2254 4810 academica
2313 4730 2659 4806 institutio
2719 4755 2843 4831 pro
2908 4738 3303 4831 temporum
3380 4732 3643 4808 ratione

601 4847 1028 4944 procederet.
1149 4851 1400 4928 Crevit·
1453 4852 1707 4929 deinde
1769 4855 1994 4953 magis
2045 4853 2409 4954 magisque
2431 4911 2451 4942 ,
2508 4875 2729 4952 eaque
2790 4852 2969 4928 varie
2988 4911 3008 4942 ,
3082 4853 3219 4970 illa·
3254 4853 3647 4928 studiorum

3113 4978 3157 5047 2
