4766 6034
1831 634 2389 708 ORATIO.
3492 637 3619 701 277

683 842 1080 921 Informetis
1121 843 1316 918 vobis
1359 841 1594 918 animo
1644 843 1858 919 medii
1905 845 2056 921 aevi
2097 846 2393 944 speciem
2411 904 2430 935 ‚
2474 850 2555 920 ut
2594 839 2877 944 planum
2922 844 3045 918 fiat
3064 902 3083 931 ,
3123 843 3623 941 cuiuscumque

583 965 854 1066 generis
873 1024 894 1055 ,
949 973 1020 1040 et
1068 962 1519 1039 humanitatis
1575 963 1890 1040 homines
1942 966 2120 1040 hanc
2178 973 2516 1040 terrarum
2576 975 2845 1064 partem
2908 963 3277 1039 tenuerint.
3378 963 3619 1038 Unum

585 1084 913 1160 sufficiat:
965 1109 1056 1160 ne
1101 1084 1574 1160 sanctissimus
1619 1083 1904 1182 quidem
1952 1108 2182 1160 rerum
2230 1067 2684 1184 gerendarum
2736 1084 2895 1158 finis
2944 1107 3253 1158 summos
3304 1082 3481 1158 viros
3526 1083 3617 1158 ab

581 1203 872 1278 immani
935 1227 1138 1303 saepe
1203 1201 1604 1278 crudelitate
1627 1262 1647 1292 ,
1720 1211 1790 1278 et
1844 1228 1889 1279 a
1947 1203 2265 1280 barbarie
2311 1202 2636 1292 retinuit,
2688 1228 2900 1302 quam
2959 1203 3189 1277 nescio
3244 1209 3477 1276 utrum
3528 1203 3616 1276 ri-

581 1321 884 1398 dendam
944 1347 1033 1399 an
1101 1322 1592 1424 deplorandam
1653 1321 1878 1422 magis
1927 1323 2172 1399 dicam.
2277 1323 2418 1398 Sed
2466 1348 2547 1398 eo
2603 1347 2711 1397 res
2756 1322 3075 1410 devenit,
3128 1331 3207 1396 ut
3261 1321 3391 1396 hoc
3430 1346 3615 1396 com-

579 1449 855 1540 pertum
900 1443 1042 1518 iam
1089 1442 1218 1531 sit,
1267 1425 1376 1516 vel
1413 1441 1612 1542 pium
1659 1441 1877 1516 istum
1921 1440 2302 1518 exereitum
2343 1466 2506 1517 cum
2551 1442 2761 1530 duce,
2806 1443 2929 1540 qui
2971 1465 3302 1542 magnum
3358 1439 3617 1516 Christi

583 1560 1026 1660 sepulchrum
1075 1561 1492 1650 liberarunt,
1543 1561 1636 1636 ad
1685 1562 1961 1661 rapinas
1979 1620 1999 1650 ,
2051 1570 2123 1637 et
2171 1562 2563 1637 vexationes
2582 1618 2602 1648 ‚
2649 1561 2924 1636 fraudes
2969 1561 3221 1636 deinde
3262 1569 3335 1636 et
3374 1560 3618 1636 caedes

579 1679 722 1752 fere
767 1703 986 1779 aeque
1032 1679 1246 1755 fuisse
1293 1705 1668 1780 propensos
1687 1739 1708 1770 ,
1755 1689 1965 1779 atque
2015 1681 2250 1780 ipsum
2301 1681 2475 1756 Eius
2518 1681 3027 1756 sanctissimum
3078 1705 3361 1770 nomen,
3407 1663 3618 1779 quem

581 1798 877 1874 voluisse
912 1875 919 1882 ,
953 1799 1147 1874 illam
1217 1800 1724 1902 expeditionem
1798 1802 1957 1876 vani
2017 1802 2453 1878 testabantur
2473 1859 2493 1888 ,
2560 1801 2648 1875 ab
2716 1801 3046 1874 omnibus
3095 1798 3303 1874 huius
3349 1799 3621 1899 generis

431 1937 440 1942 ·
579 1917 862 2018 flagitiis
897 1917 1395 1994 alienissimum
1437 1928 1563 1996 est.
1641 1921 2051 2021 crucigeros
2093 1921 2305 1996 ceteri
2337 1918 2810 1995 imitabantur.
2910 1919 3060 1997 Qui
3104 1919 3621 2014 Baunnmnms

581 2045 654 2112 et
683 2038 1237 2114 Fannzausmn
1279 2039 1580 2118 facinora
1617 2041 1818 2140 legit,
1868 2042 1977 2117 vel
2025 2041 2573 2141 Burgundorum
2622 2064 2785 2115 eum
2826 2038 3257 2114 Vasconib'us
3304 2039 3487 2115 bella
3528 2039 3622 2114 ci-

581 2156 774 2262 vilia,
823 2157 964 2232 iam
1026 2157 1395 2234 Persarum
1448 2161 1774 2259 despotae
1823 2161 2110 2235 Nsnmr
2132 2219 2153 2249 ,
2215 2160 2321 2234 vel
2367 2158 2807 2258 aboriginum
2854 2161 2931 2234 in
2982 2159 3303 2234 America
3350 2164 3621 2257 septen-

577 2275 853 2351 trionali
898 2277 1341 2353 detestandas
1388 2279 1830 2354 crudelitates
1848 2337 1869 2368 ,
1919 2287 1992 2354 et
2043 2280 2158 2354 vix
2205 2277 2569 2354 credibiles
2616 2302 2765 2354 sese
2816 2278 3058 2353 audire
3100 2277 3400 2378 putabit.
3462 2279 3621 2352 Mo-

579 2420 693 2471 res
753 2403 989 2472 autem
1053 2405 1136 2472 ut
1183 2397 1344 2488 feri,
1392 2399 1493 2474 ita
1539 2399 1750 2474 rudes
1803 2407 2018 2475 erant.
2116 2399 2228 2474 Ex
2273 2423 2415 2498 quo
2459 2396 2803 2497 Europaei
2848 2406 3087 2470 tenent
3127 2395 3581 2471 Albambram
3602 2455 3623 2484 ,

579 2519 854 2592 ruinam
897 2517 1240 2608 minatur,
1285 2525 1358 2595 et
1398 2519 1590 2620 quod
1625 2517 1900 2594 barbari
1943 2520 2208 2595 Romae
2249 2517 2471 2594 facere
2514 2516 2894 2592 omiserunt
2913 2574 2934 2605 ,
2980 2515 3201 2591 fecere
3236 2514 3621 2590 Barberini.

581 2637 832 2735 Neque
896 2633 1172 2713 tantum
1223 2638 1297 2714 in
1353 2663 1628 2714 summa
1686 2663 1913 2714 rerum
1964 2640 2155 2714 idem
2215 2635 2669 2737 conspicuum
2726 2642 2865 2724 est;
2916 2634 3347 2736 singulorum
3395 2658 3625 2710 mores

585 2751 1050 2832 testabantur·
1096 2754 1285 2833 hisce
1351 2753 1721 2838 simillima.
1845 2762 2256 2864 Elegantem
2322 2783 2513 2836 nunc
2550 2757 2963 2834 doctrinam
3026 2757 3344 2834 affectare
3406 2757 3629 2832 solent

579 2875 903 2950 cultiores
918 2935 938 2964 ,
1017 2901 1197 2976 quae
1269 2877 1344 2953 in
1417 2879 1920 2958 iucundissimo
1990 2904 2268 2981 quoque
2333 2886 2746 2979 argumento
2814 2883 3124 2952 versatur
3141 2934 3164 2967 ,
3228 2901 3357 2953 nec
3419 2876 3630 2952 nimis

580 2995 798 3071 arduo
857 3004 1142 3095 paratur
1198 2997 1464 3089 labore;
1519 3009 1592 3077 et
1647 3002 1873 3102 magis
1925 3001 2290 3103 splendent
2309 3060 2330 3091 ,
2379 2997 2613 3099 prouti
2653 2998 2725 3073 in
2750 2997 2967 3094 ‚hisce
3014 2997 3237 3098 magis
3286 2996 3634 3073 excellunt

573 3124 654 3189 -et
718 3114 1158 3193 humaniores
1223 3119 1571 3197 dicuntur.
1635 3144 1644 3155 ·
1689 3123 1888 3197 Tunc
1957 3132 2193 3197 autem
2259 3144 2399 3195 non
2454 3118 2531 3193 id
2588 3117 3092 3218 gloriabantur,
3154 3116 3277 3192 sed
3330 3116 3630 3217 eorporis

580 3234 797 3309 robur
814 3293 836 3322 ,
887 3242 970 3310 ut
1011 3246 1296 3335 possent
1343 3263 1534 3315 arma
1579 3240 1766 3317 illius
1809 3242 1958 3317 aevi
2008 3224 2587 3342 ponderosissima
2628 3237 2915 3312 tolerare
2934 3295 2955 3326 ,
3000 3245 3070 3311 et
3112 3235 3630 3313 exercitationes

582 3352 914 3429 militares
930 3412 950 3442 ‚
997 3378 1124 3431 nec
1173 3358 1234 3432 si
1283 3382 1592 3443 summos
1638 3358 1878 3436 heroes
1917 3369 2158 3460 poetae
2201 3358 2553 3435 celebrant
2600 3357 2706 3431 vel
2750 3356 3094 3446 historici,
3151 3355 3466 3431 omittere
3520 3380 3627 3431 so-

582 3472 728 3547 lent
795 3472 870 3547 in
937 3473 1246 3571 ipsorum
1305 3476 1632 3553 laudibus
1650 3536 1670 3567 ,
1731 3480 1792 3557 si
1849 3480 2128 3577 quando
2181 3479 2284 3553 illi
2338 3468 2505 3566 soli,
2561 3483 2640 3550 ut
2683 3474 3167 3551 celeberrimus
3221 3474 3339 3551 ille
3380 3476 3627 3549 Gono-

583 3614 866 3667 τηοσε
937 3591 1425 3695 Letharingiae
1497 3596 1640 3671 dux
1662 3655 1682 3685 ‚
1753 3622 1914 3673 cum
1995 3600 2141 3673 fera
2219 3598 2293 3672 in
2363 3594 2572 3693 sylvis
2631 3595 2981 3693 congressi
3057 3594 3398 3670 vicissent.
3527 3592 3654 3667 Ut·

583 3711 887 3810 corporis
937 3712 1114 3787 vires
1157 3713 1388 3790 favore
1433 3714 1926 3815 splendebant,
1976 3717 2078 3793 ita
2120 3716 2336 3792 animi
2378 3714 2613 3790 cultus
2660 3714 3262 3805 contemnebatur,
3306 3738 3387 3789 ac
3424 3712 3628 3812 quid·

582 3830 758 3929 quid
826 3830 1088 3909 litteras
1152 3834 1416 3923 olebat,
1491 3835 1880 3913 habebatur
1935 3835 2294 3937 despectui
2310 3894 2332 3926 ,
2385 3842 2457 3910 et
2516 3833 2753 3909 invitis
2798 3833 3160 3909 fatendum
3204 3840 3438 3909 tamen
3489 3840 3629 3920 est,

581 3958 655 4025 et
697 3950 1010 4027 moribus
1063 3960 1134 4028 et
1179 3954 1528 4031 doctrinae
1568 3956 1677 4033 vel
1718 3980 1992 4047 eorum,
2039 3957 2130 4033 ad
2175 3980 2352 4056 quos
2396 3954 2576 4031 solos
2618 3960 2803 4029 artes
2843 3959 2915 4028 et
2960 3953 3228 4029 litterae
3270 3949 3623 4049 confugie-

581 4071 761 4151 bant
779 4127 798 4159 ,
851 4073 1195 4171 permulta
1247 4074 1568 4151 defuisse.

681 4189 771 4261 In
812 4188 1207 4265 istiusmodi
1251 4190 1468 4290 igitur
1509 4216 1678 4267 aevo
1727 4200 1800 4267 et
1852 4192 2278 4292 lacrymabili
2324 4191 2641 4267 barbarie
2686 4190 2799 4266 vix
2843 4189 3169 4267 credibile
3211 4196 3358 4276 est,
3406 4212 3626 4287 quan-

582 4316 731 4381 tam
809 4307 947 4381 vim
1017 4308 1370 4383 interdum
1433 4311 1863 4388 exercuerint
1921 4311 2188 4387 litterae
2255 4310 2431 4386 istae
2496 4317 2568 4387 et
2635 4310 2967 4409 reliquiae
3032 4307 3497 4405 antiquitatis,
3568 4308 3629 4381 si

585 4426 869 4525 quando
940 4427 1174 4526 aliqua
1232 4428 1540 4528 ipsarum
1603 4455 1762 4530 pars
1818 4432 2232 4509 innotuisset
2269 4429 2585 4507 *summis
2632 4428 2951 4529 ingeniis.
3053 4428 3239 4501 Talis
3279 4426 3454 4513 fuit,
3504 4426 3630 4524 qui

585 4540 945 4619 Vraanno
1000 4555 1278 4635 auctore
1333 4548 1660 4626 Divinam
1705 4551 1896 4627 illam
1941 4550 2387 4626 Comoediam
2407 4607 2428 4640 ,
2478 4550 2620 4625 sive
2674 4546 2973 4647 Epicum
3024 4569 3299 4622 carmen
3341 4543 3590 4620 cecinit
3605 4603 3625 4631 ,

587 4665 781 4763 quod
855 4664 1253 4742 etiamnunc
1321 4668 1570 4745 merito
1636 4670 1899 4769 gaudet
1965 4671 2220 4747 honore
2235 4729 2258 4760 ,
2329 4669 2454 4769 qui
2512 4668 2836 4745 historiae
2899 4667 3155 4742 bonam
3201 4672 3503 4766 partem,
3552 4672 3623 4740 et

589 4784 854 4884 ingenii
927 4784 1212 4863 humani
1281 4787 1538 4865 mirum
1609 4798 1952 4890 quantum
2020 4791 2234 4892 probe
2298 4788 2693 4891 intelligens
2710 4846 2731 4883 ,
2802 4788 3037 4865 firmas
3101 4785 3237 4865 sibi
3301 4808 3427 4864 nec
3484 4782 3623 4860 cito
