<?xml version="1.0" encoding="UTF-8"?>
<!DOCTYPE html PUBLIC "-//W3C//DTD XHTML 1.0 Transitional//EN"
    "http://www.w3.org/TR/xhtml1/DTD/xhtml1-transitional.dtd">
<html xmlns="http://www.w3.org/1999/xhtml" xml:lang="en" lang="en">
 <head>
  <title>
</title>
<meta http-equiv="Content-Type" content="text/html;charset=utf-8" />
  <meta name='ocr-system' content='tesseract 3.04.00' />
  <meta name='ocr-capabilities' content='ocr_page ocr_carea ocr_par ocr_line ocrx_word'/>
</head>
<body>
  <div class='ocr_page' id='page_1' title='image "annalesacademic02confgoog_0179.png"; bbox 0 0 4766 6034; ppageno 0'>
   <div class='ocr_carea' id='block_1_1' title="bbox 1834 641 3625 710">
    <p class='ocr_par' dir='ltr' id='par_1_1' title="bbox 1834 641 3625 710">
     <span class='ocr_line' id='line_1_1' title="bbox 1834 641 3625 710; baseline 0.001 -2"><span class='ocrx_word' id='word_1_1' title='bbox 1834 641 2390 710; x_wconf 81' lang='lat' dir='ltr'><strong>ORATIO.</strong></span> <span class='ocrx_word' id='word_1_2' title='bbox 3501 644 3625 710; x_wconf 89' lang='lat'>163</span> 
     </span>
    </p>
   </div>
   <div class='ocr_carea' id='block_1_2' title="bbox 578 850 3626 2154">
    <p class='ocr_par' dir='ltr' id='par_1_2' title="bbox 589 850 3626 1072">
     <span class='ocr_line' id='line_1_2' title="bbox 686 850 3626 952; baseline -0.001 -26"><span class='ocrx_word' id='word_1_3' title='bbox 686 853 795 926; x_wconf 85' lang='lat' dir='ltr'>Ex</span> <span class='ocrx_word' id='word_1_4' title='bbox 851 851 1359 952; x_wconf 84' lang='lat' dir='ltr'>Angustissimi</span> <span class='ocrx_word' id='word_1_5' title='bbox 1422 850 1639 950; x_wconf 85' lang='lat' dir='ltr'>Regis</span> <span class='ocrx_word' id='word_1_6' title='bbox 1701 850 1977 926; x_wconf 89' lang='lat' dir='ltr'>decreto</span> <span class='ocrx_word' id='word_1_7' title='bbox 2028 852 2103 924; x_wconf 91' lang='lat' dir='ltr'>in</span> <span class='ocrx_word' id='word_1_8' title='bbox 2159 850 2557 951; x_wconf 67' lang='lat' dir='ltr'>proximum</span> <span class='ocrx_word' id='word_1_9' title='bbox 2609 874 2874 925; x_wconf 87' lang='lat' dir='ltr'>annum</span> <span class='ocrx_word' id='word_1_10' title='bbox 2918 851 3336 927; x_wconf 82' lang='lat' dir='ltr'><strong>Academiae</strong></span> <span class='ocrx_word' id='word_1_11' title='bbox 3374 852 3626 926; x_wconf 88' lang='lat' dir='ltr'>Rector</span> 
     </span>
     <span class='ocr_line' id='line_1_3' title="bbox 589 970 3456 1072; baseline 0 -27"><span class='ocrx_word' id='word_1_12' title='bbox 589 972 1011 1072; x_wconf 85' lang='lat' dir='ltr'>Magnificus</span> <span class='ocrx_word' id='word_1_13' title='bbox 1052 972 1458 1072; x_wconf 84' lang='lat' dir='ltr'>designatus</span> <span class='ocrx_word' id='word_1_14' title='bbox 1503 978 1611 1046; x_wconf 89' lang='lat' dir='ltr'>est</span> <span class='ocrx_word' id='word_1_15' title='bbox 1656 971 1781 1046; x_wconf 91' lang='lat' dir='ltr'>Vir</span> <span class='ocrx_word' id='word_1_16' title='bbox 1824 971 2269 1047; x_wconf 78' lang='lat' dir='ltr'>Clarissimus</span> <span class='ocrx_word' id='word_1_17' title='bbox 2314 971 2704 1048; x_wconf 71' lang='lat' dir='ltr'>Hnnmcns</span> <span class='ocrx_word' id='word_1_18' title='bbox 2753 972 3141 1046; x_wconf 71' lang='lat' dir='ltr'>Eonsn&#39;rus</span> <span class='ocrx_word' id='word_1_19' title='bbox 3191 970 3456 1046; x_wconf 74' lang='lat' dir='ltr'>men.</span> 
     </span>
    </p>

    <p class='ocr_par' dir='ltr' id='par_1_3' title="bbox 685 1091 3262 1193">
     <span class='ocr_line' id='line_1_4' title="bbox 685 1091 3262 1193; baseline 0 -27"><span class='ocrx_word' id='word_1_20' title='bbox 685 1093 831 1181; x_wconf 88' lang='lat' dir='ltr'>Tu,</span> <span class='ocrx_word' id='word_1_21' title='bbox 880 1093 1441 1193; x_wconf 89' lang='lat' dir='ltr'>conjunctissime</span> <span class='ocrx_word' id='word_1_22' title='bbox 1487 1092 1806 1191; x_wconf 80' lang='lat' dir='ltr'>Collega!</span> <span class='ocrx_word' id='word_1_23' title='bbox 1858 1116 2025 1190; x_wconf 88' lang='lat' dir='ltr'>cape</span> <span class='ocrx_word' id='word_1_24' title='bbox 2070 1092 2301 1168; x_wconf 89' lang='lat' dir='ltr'>locum</span> <span class='ocrx_word' id='word_1_25' title='bbox 2346 1092 2674 1192; x_wconf 82' lang='lat' dir='ltr'>dignitati</span> <span class='ocrx_word' id='word_1_26' title='bbox 2720 1099 2881 1166; x_wconf 89' lang='lat' dir='ltr'>tuae</span> <span class='ocrx_word' id='word_1_27' title='bbox 2929 1091 3262 1168; x_wconf 91' lang='lat' dir='ltr'>debitum.</span> 
     </span>
    </p>

    <p class='ocr_par' dir='ltr' id='par_1_4' title="bbox 578 1210 3625 1792">
     <span class='ocr_line' id='line_1_5' title="bbox 688 1210 3623 1312; baseline 0 -28"><span class='ocrx_word' id='word_1_28' title='bbox 688 1210 887 1286; x_wconf 86' lang='lat' dir='ltr'>Salve</span> <span class='ocrx_word' id='word_1_29' title='bbox 907 1271 927 1300; x_wconf 88' lang='lat'><em>,</em></span> <span class='ocrx_word' id='word_1_30' title='bbox 996 1211 1374 1310; x_wconf 90' lang='lat' dir='ltr'>Magnifice</span> <span class='ocrx_word' id='word_1_31' title='bbox 1420 1212 1715 1285; x_wconf 83' lang='lat' dir='ltr'>Rectorl</span> <span class='ocrx_word' id='word_1_32' title='bbox 1784 1235 1873 1286; x_wconf 82' lang='lat' dir='ltr'>ex</span> <span class='ocrx_word' id='word_1_33' title='bbox 1923 1210 2155 1286; x_wconf 87' lang='lat' dir='ltr'>animo</span> <span class='ocrx_word' id='word_1_34' title='bbox 2212 1211 2438 1286; x_wconf 85' lang='lat' dir='ltr'>salve!</span> <span class='ocrx_word' id='word_1_35' title='bbox 2515 1210 2675 1286; x_wconf 83' lang='lat' dir='ltr'>Tibi</span> <span class='ocrx_word' id='word_1_36' title='bbox 2720 1212 2967 1287; x_wconf 88' lang='lat' dir='ltr'>lubens</span> <span class='ocrx_word' id='word_1_37' title='bbox 3017 1237 3147 1312; x_wconf 87' lang='lat' dir='ltr'>ego</span> <span class='ocrx_word' id='word_1_38' title='bbox 3192 1213 3319 1287; x_wconf 93' lang='lat' dir='ltr'>hoc</span> <span class='ocrx_word' id='word_1_39' title='bbox 3364 1236 3623 1286; x_wconf 90' lang='lat' dir='ltr'>munus</span> 
     </span>
     <span class='ocr_line' id='line_1_6' title="bbox 585 1331 3624 1432; baseline 0.001 -28"><span class='ocrx_word' id='word_1_40' title='bbox 585 1331 821 1418; x_wconf 88' lang='lat' dir='ltr'>trado,</span> <span class='ocrx_word' id='word_1_41' title='bbox 865 1355 1005 1406; x_wconf 91' lang='lat' dir='ltr'>non</span> <span class='ocrx_word' id='word_1_42' title='bbox 1046 1331 1247 1430; x_wconf 83' lang='lat' dir='ltr'>quasi</span> <span class='ocrx_word' id='word_1_43' title='bbox 1283 1331 1517 1430; x_wconf 88' lang='lat' dir='ltr'>aliqua</span> <span class='ocrx_word' id='word_1_44' title='bbox 1556 1337 1753 1430; x_wconf 90' lang='lat' dir='ltr'>parte</span> <span class='ocrx_word' id='word_1_45' title='bbox 1796 1355 1879 1406; x_wconf 90' lang='lat' dir='ltr'>eo</span> <span class='ocrx_word' id='word_1_46' title='bbox 1916 1355 2027 1406; x_wconf 89' lang='lat' dir='ltr'>me</span> <span class='ocrx_word' id='word_1_47' title='bbox 2068 1339 2432 1430; x_wconf 88' lang='lat' dir='ltr'>gravatum</span> <span class='ocrx_word' id='word_1_48' title='bbox 2477 1331 2771 1407; x_wconf 90' lang='lat' dir='ltr'>sentiam</span> <span class='ocrx_word' id='word_1_49' title='bbox 2791 1392 2811 1421; x_wconf 91' lang='lat'>,</span> <span class='ocrx_word' id='word_1_50' title='bbox 2862 1333 3051 1432; x_wconf 92' lang='lat' dir='ltr'>quod</span> <span class='ocrx_word' id='word_1_51' title='bbox 3093 1341 3332 1408; x_wconf 89' lang='lat' dir='ltr'>contra</span> <span class='ocrx_word' id='word_1_52' title='bbox 3361 1333 3507 1408; x_wconf 87' lang='lat' dir='ltr'>leve</span> <span class='ocrx_word' id='word_1_53' title='bbox 3544 1358 3624 1408; x_wconf 86' lang='lat' dir='ltr'>ac</span> 
     </span>
     <span class='ocr_line' id='line_1_7' title="bbox 578 1451 3625 1550; baseline 0.001 -25"><span class='ocrx_word' id='word_1_54' title='bbox 578 1451 974 1550; x_wconf 87' lang='lat' dir='ltr'>jucundum</span> <span class='ocrx_word' id='word_1_55' title='bbox 1032 1451 1205 1526; x_wconf 90' lang='lat' dir='ltr'>mihi</span> <span class='ocrx_word' id='word_1_56' title='bbox 1260 1451 1476 1527; x_wconf 87' lang='lat' dir='ltr'>fuisse</span> <span class='ocrx_word' id='word_1_57' title='bbox 1531 1459 1764 1549; x_wconf 86' lang='lat' dir='ltr'>aperte</span> <span class='ocrx_word' id='word_1_58' title='bbox 1817 1451 2069 1527; x_wconf 84' lang='lat' dir='ltr'>fateor:</span> <span class='ocrx_word' id='word_1_59' title='bbox 2122 1451 2297 1527; x_wconf 87' lang='lat' dir='ltr'>adeo</span> <span class='ocrx_word' id='word_1_60' title='bbox 2346 1453 2518 1527; x_wconf 88' lang='lat' dir='ltr'>mihi</span> <span class='ocrx_word' id='word_1_61' title='bbox 2561 1461 2634 1528; x_wconf 92' lang='lat' dir='ltr'>et</span> <span class='ocrx_word' id='word_1_62' title='bbox 2683 1453 3099 1528; x_wconf 87' lang='lat' dir='ltr'>Curatorum</span> <span class='ocrx_word' id='word_1_63' title='bbox 3147 1454 3625 1529; x_wconf 84' lang='lat' dir='ltr'>benevolentia</span> 
     </span>
     <span class='ocr_line' id='line_1_8' title="bbox 586 1571 3620 1672; baseline 0.001 -27"><span class='ocrx_word' id='word_1_64' title='bbox 586 1581 657 1646; x_wconf 93' lang='lat' dir='ltr'>et</span> <span class='ocrx_word' id='word_1_65' title='bbox 708 1571 1146 1672; x_wconf 79' lang='lat' dir='ltr'>collegarum</span> <span class='ocrx_word' id='word_1_66' title='bbox 1189 1572 1493 1647; x_wconf 85' lang='lat' dir='ltr'>amicitia</span> <span class='ocrx_word' id='word_1_67' title='bbox 1536 1580 1608 1647; x_wconf 90' lang='lat' dir='ltr'>et</span> <span class='ocrx_word' id='word_1_68' title='bbox 1647 1571 2165 1671; x_wconf 89' lang='lat' dir='ltr'>Discipulorum</span> <span class='ocrx_word' id='word_1_69' title='bbox 2208 1573 2606 1649; x_wconf 88' lang='lat' dir='ltr'>humanitas</span> <span class='ocrx_word' id='word_1_70' title='bbox 2662 1575 2971 1650; x_wconf 89' lang='lat' dir='ltr'>muneris</span> <span class='ocrx_word' id='word_1_71' title='bbox 3018 1599 3225 1650; x_wconf 86' lang='lat' dir='ltr'>onera</span> <span class='ocrx_word' id='word_1_72' title='bbox 3273 1576 3620 1665; x_wconf 83' lang='lat' dir='ltr'>levarunt3</span> 
     </span>
     <span class='ocr_line' id='line_1_9' title="bbox 588 1691 3620 1792; baseline 0.002 -27"><span class='ocrx_word' id='word_1_73' title='bbox 588 1693 713 1766; x_wconf 92' lang='lat' dir='ltr'>sed</span> <span class='ocrx_word' id='word_1_74' title='bbox 767 1701 1129 1792; x_wconf 88' lang='lat' dir='ltr'>propterea</span> <span class='ocrx_word' id='word_1_75' title='bbox 1170 1691 1419 1766; x_wconf 89' lang='lat' dir='ltr'>lubens</span> <span class='ocrx_word' id='word_1_76' title='bbox 1464 1692 1597 1766; x_wconf 92' lang='lat' dir='ltr'>tibi</span> <span class='ocrx_word' id='word_1_77' title='bbox 1641 1693 1879 1780; x_wconf 89' lang='lat' dir='ltr'>trad0‚</span> <span class='ocrx_word' id='word_1_78' title='bbox 1932 1693 2121 1792; x_wconf 93' lang='lat' dir='ltr'>quod</span> <span class='ocrx_word' id='word_1_79' title='bbox 2168 1693 2357 1769; x_wconf 84' lang='lat' dir='ltr'>Tuae</span> <span class='ocrx_word' id='word_1_80' title='bbox 2407 1718 2613 1769; x_wconf 89' lang='lat' dir='ltr'>curae</span> <span class='ocrx_word' id='word_1_81' title='bbox 2653 1695 2834 1770; x_wconf 89' lang='lat' dir='ltr'>bene</span> <span class='ocrx_word' id='word_1_82' title='bbox 2880 1696 3219 1770; x_wconf 87' lang='lat' dir='ltr'>creditum</span> <span class='ocrx_word' id='word_1_83' title='bbox 3261 1721 3410 1770; x_wconf 87' lang='lat' dir='ltr'>esse</span> <span class='ocrx_word' id='word_1_84' title='bbox 3459 1695 3620 1771; x_wconf 91' lang='lat' dir='ltr'>scio.</span> 
     </span>
    </p>

    <p class='ocr_par' dir='ltr' id='par_1_5' title="bbox 578 1812 3626 2154">
     <span class='ocr_line' id='line_1_10' title="bbox 683 1812 3624 1920; baseline 0.002 -35"><span class='ocrx_word' id='word_1_85' title='bbox 683 1812 883 1886; x_wconf 88' lang='lat' dir='ltr'>Salve</span> <span class='ocrx_word' id='word_1_86' title='bbox 944 1812 1163 1912; x_wconf 87' lang='lat' dir='ltr'>igitur</span> <span class='ocrx_word' id='word_1_87' title='bbox 1185 1870 1204 1900; x_wconf 92' lang='lat'><strong>,</strong></span> <span class='ocrx_word' id='word_1_88' title='bbox 1269 1812 1527 1888; x_wconf 88' lang='lat' dir='ltr'>Rector</span> <span class='ocrx_word' id='word_1_89' title='bbox 1586 1813 1962 1912; x_wconf 84' lang='lat' dir='ltr'>Magnifice</span> <span class='ocrx_word' id='word_1_90' title='bbox 1982 1872 2003 1902; x_wconf 91' lang='lat'>‚</span> <span class='ocrx_word' id='word_1_91' title='bbox 2068 1814 2462 1914; x_wconf 85' lang='lat' dir='ltr'>iterumque</span> <span class='ocrx_word' id='word_1_92' title='bbox 2522 1815 2742 1891; x_wconf 87' lang='lat' dir='ltr'>salve!</span> <span class='ocrx_word' id='word_1_93' title='bbox 2807 1817 3066 1920; x_wconf 82' lang='lat' dir='ltr'>Fruare</span> <span class='ocrx_word' id='word_1_94' title='bbox 3109 1815 3184 1890; x_wconf 91' lang='lat' dir='ltr'>in</span> <span class='ocrx_word' id='word_1_95' title='bbox 3235 1825 3358 1890; x_wconf 87' lang='lat' dir='ltr'>tuo</span> <span class='ocrx_word' id='word_1_96' title='bbox 3405 1817 3624 1916; x_wconf 82' lang='lat' dir='ltr'>magi-</span> 
     </span>
     <span class='ocr_line' id='line_1_11' title="bbox 580 1932 3626 2036; baseline 0.002 -30"><span class='ocrx_word' id='word_1_97' title='bbox 580 1940 808 2007; x_wconf 88' lang='lat' dir='ltr'>stratu</span> <span class='ocrx_word' id='word_1_98' title='bbox 872 1958 955 2008; x_wconf 90' lang='lat' dir='ltr'>eo</span> <span class='ocrx_word' id='word_1_99' title='bbox 1015 1932 1273 2032; x_wconf 86' lang='lat' dir='ltr'>gaudio</span> <span class='ocrx_word' id='word_1_100' title='bbox 1292 1991 1312 2021; x_wconf 91' lang='lat'><em>,</em></span> <span class='ocrx_word' id='word_1_101' title='bbox 1384 1932 1575 2033; x_wconf 90' lang='lat' dir='ltr'>quod</span> <span class='ocrx_word' id='word_1_102' title='bbox 1640 1933 1947 2009; x_wconf 89' lang='lat' dir='ltr'>muneris</span> <span class='ocrx_word' id='word_1_103' title='bbox 2013 1935 2330 2033; x_wconf 88' lang='lat' dir='ltr'>religiose</span> <span class='ocrx_word' id='word_1_104' title='bbox 2386 1936 2567 2035; x_wconf 86' lang='lat' dir='ltr'>gesti</span> <span class='ocrx_word' id='word_1_105' title='bbox 2623 1937 3040 2012; x_wconf 89' lang='lat' dir='ltr'>conscientia</span> <span class='ocrx_word' id='word_1_106' title='bbox 3089 1938 3291 2036; x_wconf 91' lang='lat' dir='ltr'>parit.</span> <span class='ocrx_word' id='word_1_107' title='bbox 3395 1936 3626 2036; x_wconf 87' lang='lat' dir='ltr'>Vigila</span> 
     </span>
     <span class='ocr_line' id='line_1_12' title="bbox 578 2051 3621 2154; baseline 0.002 -28"><span class='ocrx_word' id='word_1_108' title='bbox 578 2077 707 2150; x_wconf 90' lang='lat' dir='ltr'>pro</span> <span class='ocrx_word' id='word_1_109' title='bbox 758 2052 980 2126; x_wconf 87' lang='lat' dir='ltr'>salute</span> <span class='ocrx_word' id='word_1_110' title='bbox 1026 2052 1513 2128; x_wconf 88' lang='lat' dir='ltr'>Universitatis</span> <span class='ocrx_word' id='word_1_111' title='bbox 1561 2051 1693 2128; x_wconf 91' lang='lat' dir='ltr'>tibi</span> <span class='ocrx_word' id='word_1_112' title='bbox 1732 2053 2067 2128; x_wconf 84' lang='lat' dir='ltr'>creditae!</span> <span class='ocrx_word' id='word_1_113' title='bbox 2143 2054 2337 2129; x_wconf 89' lang='lat' dir='ltr'>Deus</span> <span class='ocrx_word' id='word_1_114' title='bbox 2356 2114 2376 2143; x_wconf 91' lang='lat'><em>,</em></span> <span class='ocrx_word' id='word_1_115' title='bbox 2428 2080 2666 2154; x_wconf 83' lang='lat' dir='ltr'>precor</span> <span class='ocrx_word' id='word_1_116' title='bbox 2685 2115 2704 2143; x_wconf 91' lang='lat'>‚</span> <span class='ocrx_word' id='word_1_117' title='bbox 2753 2057 3180 2132; x_wconf 87' lang='lat' dir='ltr'>obsecundet</span> <span class='ocrx_word' id='word_1_118' title='bbox 3238 2057 3376 2131; x_wconf 87' lang='lat' dir='ltr'>tuis</span> <span class='ocrx_word' id='word_1_119' title='bbox 3419 2081 3621 2132; x_wconf 91' lang='lat' dir='ltr'>cona-</span> 
     </span>
    </p>
   </div>
   <div class='ocr_carea' id='block_1_3' title="bbox 576 2170 3621 2392">
    <p class='ocr_par' dir='ltr' id='par_1_6' title="bbox 576 2170 3621 2392">
     <span class='ocr_line' id='line_1_13' title="bbox 576 2170 3621 2276; baseline 0.003 -32"><span class='ocrx_word' id='word_1_120' title='bbox 576 2170 811 2261; x_wconf 85' lang='lat' dir='ltr'>tibus,</span> <span class='ocrx_word' id='word_1_121' title='bbox 875 2180 947 2246; x_wconf 86' lang='lat' dir='ltr'>et</span> <span class='ocrx_word' id='word_1_122' title='bbox 990 2171 1162 2246; x_wconf 83' lang='lat' dir='ltr'>faxit</span> <span class='ocrx_word' id='word_1_123' title='bbox 1216 2181 1333 2262; x_wconf 88' lang='lat' dir='ltr'>ut,</span> <span class='ocrx_word' id='word_1_124' title='bbox 1402 2173 1572 2248; x_wconf 84' lang='lat' dir='ltr'>Tuis</span> <span class='ocrx_word' id='word_1_125' title='bbox 1616 2173 1941 2274; x_wconf 88' lang='lat' dir='ltr'>auspiciis</span> <span class='ocrx_word' id='word_1_126' title='bbox 1966 2233 1984 2264; x_wconf 88' lang='lat'><em>,</em></span> <span class='ocrx_word' id='word_1_127' title='bbox 2035 2175 2424 2250; x_wconf 82' lang='lat' dir='ltr'>Academia</span> <span class='ocrx_word' id='word_1_128' title='bbox 2462 2176 2630 2252; x_wconf 86' lang='lat' dir='ltr'>haec</span> <span class='ocrx_word' id='word_1_129' title='bbox 2671 2177 2911 2252; x_wconf 88' lang='lat' dir='ltr'>floreat</span> <span class='ocrx_word' id='word_1_130' title='bbox 2955 2177 3046 2251; x_wconf 88' lang='lat' dir='ltr'>ad</span> <span class='ocrx_word' id='word_1_131' title='bbox 3087 2176 3298 2252; x_wconf 89' lang='lat' dir='ltr'>decus</span> <span class='ocrx_word' id='word_1_132' title='bbox 3351 2184 3421 2251; x_wconf 88' lang='lat' dir='ltr'>et</span> <span class='ocrx_word' id='word_1_133' title='bbox 3466 2202 3621 2276; x_wconf 91' lang='lat' dir='ltr'>pro-</span> 
     </span>
     <span class='ocr_line' id='line_1_14' title="bbox 578 2291 1313 2392; baseline 0.004 -27"><span class='ocrx_word' id='word_1_134' title='bbox 578 2291 983 2392; x_wconf 86' lang='lat' dir='ltr'>speritatem</span> <span class='ocrx_word' id='word_1_135' title='bbox 1032 2292 1313 2391; x_wconf 88' lang='lat' dir='ltr'>patriae.</span> 
     </span>
    </p>
   </div>
   <div class='ocr_carea' id='block_1_4' title="bbox 3085 4944 3234 5016">
    <p class='ocr_par' dir='ltr' id='par_1_7' title="bbox 3085 4944 3234 5016">
     <span class='ocr_line' id='line_1_15' title="bbox 3085 4944 3234 5016; baseline 0.007 -1"><span class='ocrx_word' id='word_1_136' title='bbox 3085 4944 3234 5016; x_wconf 73' lang='lat'>21*</span> 
     </span>
    </p>
   </div>
  </div>
 </body>
</html>
