4766 6034
1031 585 1116 652 62
2210 599 2287 666 A.
2369 541 2875 669 KUENEN

1027 795 1235 895 longe
1305 796 1778 896 perfectiorem
1827 800 2200 900 aliquando
2265 831 2417 884 esse
2475 807 2809 898 orituram
2861 806 3054 883 haud
3102 806 3393 883 obscure
3442 804 4055 907 praesignificavit3

1027 915 1104 988 in
1169 939 1253 990 eo
1311 916 1466 1016 ipso
1530 917 1764 1017 potius
1823 943 2150 1022 magnam
2213 925 2487 1003 Veteris
2549 927 3008 1002 Oeconomiae
3076 926 3573 1025 praestantiam
3636 926 4013 1024 suspiciant
4034 985 4055 1015 ‚

1027 1037 1222 1134 quod
1269 1037 1396 1136 qui
1449 1037 1582 1112 sub
1637 1039 1758 1115 illa
1795 1040 2024 1118 vixere
2067 1045 2318 1143 optimi
2357 1048 2621 1147 quique
2668 1047 3133 1124 conditionem
3184 1044 3658 1145 perfectiorem
3708 1045 4055 1122 vaticinati

1027 1153 1285 1229 fuerint
1297 1188 1320 1244 3
1367 1179 1594 1254 neque
1642 1165 2014 1258 postquam
2055 1161 2210 1261 ipsa
2251 1164 2515 1240 affulsit
2556 1165 2677 1240 lux
2698 1223 2719 1252 ‚
2765 1164 2840 1239 in
2888 1165 3199 1258 diluculo
3242 1164 3681 1240 ambulantes
3730 1163 3866 1238 sibi
3908 1163 4053 1262 pla-

1026 1281 1246 1350 ceant.
1345 1276 1677 1353 Desinant
1707 1281 2112 1377 praesertim
2149 1284 2222 1358 in
2265 1284 2589 1360 Ethieam
2636 1285 3101 1360 Christianam
3128 1285 3412 1374 inferre,
3461 1309 3641 1384 quae
3688 1284 3783 1359 ad
3826 1282 4055 1383 legem

1023 1395 1371 1494 pertinent
1427 1397 1850 1474 Mosaicam:
1917 1424 2006 1474 ex
2065 1401 2430 1503 utriusque
2494 1404 2681 1480 enim
2734 1404 3135 1481 confusione
3186 1405 3325 1480 dici
3374 1405 3652 1504 nequit,
3709 1411 4053 1504 quantum

1025 1515 1165 1591 iam
1224 1524 1460 1592 ortum
1513 1517 1724 1593 fuerit
1785 1519 2122 1598 damnum
2143 1581 2166 1614 ,
2225 1531 2300 1598 et
2355 1549 2517 1600 vero
2559 1524 2945 1600 etiamnum
2988 1525 3269 1600 oriatur.
3368 1522 3471 1598 Ut
3518 1532 3785 1598 taceam
3824 1522 4052 1610 enim,

1025 1634 1320 1733 legalem
1365 1637 1710 1712 sentiendi
1749 1639 2086 1717 rationem
2105 1699 2128 1732 ,
2177 1669 2358 1743 quae
2396 1644 2609 1720 medii
2642 1645 2793 1720 aevi
2832 1643 3173 1720 barbariei
3208 1643 3731 1720 accommodata
3745 1701 3766 1733 ,
3814 1643 4053 1718 mode·

1021 1762 1218 1829 rante
1265 1755 1500 1832 divina
1539 1745 1971 1857 providentia
1985 1818 2007 1851 ,
2057 1786 2182 1861 per
2223 1762 2623 1838 universum
2666 1771 2873 1838 antea
2914 1762 3157 1837 orbem
3202 1760 3679 1838 Christianum
3722 1759 4055 1848 invaluit,

1023 1899 1212 1950 nunc
1283 1876 1494 1952 etiam
1563 1877 1640 1954 in
1697 1880 2005 1957 Ecclesia
2067 1883 2382 1959 Romana
2437 1883 2722 1958 omnino
2779 1881 3009 1982 vigere
3030 1939 3051 1968 ‚
3118 1880 3213 1955 ad
3254 1880 3443 1979 ipsos
3491 1903 3771 1978 quoque
3814 1879 4053 1954 Prote·

1025 2001 1288 2069 stantes
1355 2021 1438 2072 ea
1497 1999 1807 2090 transiit,
1881 2027 2181 2100 quorum
2242 2003 2599 2103 principiis
2660 2003 2867 2103 plane
2928 2000 3248 2102 opposita
3314 2000 3608 2075 dicenda
3674 1999 3785 2074 sit.
3907 1997 4055 2076 Qui

1023 2121 1262 2190 autem
1305 2115 1490 2192 inter
1532 2117 1660 2194 hos
1709 2121 1890 2196 hanc
1940 2121 2236 2223 legalem
2286 2122 2641 2258 cogitandi
2686 2123 3025 2199 rationem
3073 2121 3502 2210 defendunt,
3550 2121 3645 2196 ad
3684 2119 4051 2195 discrimen

1021 2232 1203 2309 inter
1263 2237 1462 2336 legen
1528 2241 1860 2317 moralem
1929 2249 2004 2318 et
2057 2243 2521 2319 caeremonias
2580 2265 2947 2340 provocare
3012 2238 3275 2328 solent,
3336 2263 3633 2337 quarum
3702 2237 3835 2312 hae
3888 2261 4053 2312 cum

1022 2351 1082 2424 C
1099 2351 1145 2427 h
1163 2353 1374 2428 risti
1438 2356 1746 2434 adventu
1821 2361 2194 2461 abrogatae
2267 2360 2562 2449 fuerint,
2630 2360 2751 2435 illa
2818 2357 3203 2434 etiamnum
3270 2358 3413 2432 vim
3474 2381 3677 2432 suam
3734 2356 4047 2432 retineat.

1019 2473 1427 2549 Istiusmodi
1489 2486 1727 2554 autem
1789 2480 2345 2569 distinctionem,
2411 2487 2686 2556 nostrae
2752 2503 2919 2554 sane
2976 2477 3323 2553 sentiendi
3370 2476 3623 2552 rationi
3665 2499 4049 2551 accommo-

1017 2591 1488 2685 datissimam,
1535 2597 1610 2671 in
1659 2599 1812 2698 ipsa
1857 2600 2016 2700 lege
2071 2624 2212 2675 non
2257 2601 2587 2690 inveniri,
2637 2623 2767 2674 nec
2824 2599 3011 2674 salva
3054 2598 3205 2672 eius
3251 2596 3484 2672 indole
3526 2597 3603 2670 in
3648 2619 3805 2670 eam
3852 2617 4053 2694 posse

1016 2712 1368 2788 transferri
1385 2773 1407 2803 ‚
1469 2718 1852 2794 accuratior
1906 2719 2059 2795 eius
2115 2745 2247 2796 nos
2305 2721 2508 2796 docet
2562 2719 2904 2820 cognitio=
2968 2719 3261 2794 unicum
3312 2742 3479 2818 ergo
3522 2722 4007 2815 argumentum
4029 2771 4051 2801 ‚

1018 2854 1158 2928 quo
1221 2833 1446 2932 legem
1507 2845 1862 2915 externam
1923 2839 2336 2916 Christianis
2388 2840 2787 2941 impositam
2842 2861 2995 2913 esse
3038 2837 3346 2913 evincere
3394 2842 3735 2912 conantur
3750 2891 3773 2924 ,
3818 2855 4051 2908 neces-

1017 2951 1194 3025 sario
1257 2954 1464 3032 cadit.
1565 2958 1780 3037 Quod
1837 2984 1921 3036 eo
1987 2961 2266 3038 maioris
2333 2960 2741 3037 habendum
2804 2965 2914 3033 est
2966 2957 3305 3034 momenti
3322 3013 3345 3047 ,
3396 2981 3539 3056 quo
3578 2954 3787 3031 latius
3828 2973 4013 3029 error
4029 3007 4051 3041 ‚

1013 3093 1224 3167 quem
1271 3076 1506 3151 notavi
1522 3134 1544 3167 ‚
1593 3102 1718 3177 per
1761 3080 2003 3157 orbem
2049 3081 2526 3157 Christianum
2571 3076 2969 3179 proserpsit.

1105 3309 1228 3384 Ad
1295 3312 1714 3414 theologiam
1767 3318 2022 3394 accedo
2083 3319 2499 3418 practicam:
2568 3317 2663 3393 ad
2718 3316 2901 3391 hanc
2950 3316 3199 3390 'autem
3258 3340 3343 3391 ea
3406 3322 3517 3389 est
3560 3313 3775 3389 studii
3793 3373 3814 3404 ‚
3859 3314 4053 3413 quod

1011 3432 1487 3507 commendavi
1505 3491 1525 3522 ‚
1589 3434 1768 3511 ratio
1784 3494 1805 3526 ,
1871 3444 1953 3512 ut
1999 3438 2075 3513 in
2120 3438 2449 3514 orationis
2501 3445 2698 3537 parte
2715 3493 2737 3525 ,
2786 3458 2967 3537 quae
3012 3458 3169 3509 eam
3212 3441 3512 3533 spectat,
3562 3434 3773 3509 armis
3818 3433 4051 3533 potius

1014 3572 1224 3645 quam
1288 3551 1444 3627 telis
1490 3553 1832 3630 utendum
1885 3580 2038 3632 esse
2084 3557 2421 3633 videatur.
2522 3558 2679 3633 Iam
2726 3555 2916 3632 enim
2960 3577 3187 3628 unum
3232 3553 3613 3629 alterumve
3664 3553 4048 3629 auditorem

1012 3663 1428 3745 benevolum
1483 3672 1584 3748 ita
1637 3674 1814 3750 mihi
1858 3676 2096 3751 videor
2147 3678 2389 3752 audire
2428 3676 2985 3752 ratiocinantem:
3044 3702 3082 3745 u
3096 3698 3275 3771 quae
3323 3673 3689 3771 hucusque
3736 3673 3827 3749 de
3870 3672 4048 3749 anti-

1021 3813 1057 3853 n
1076 3785 1362 3883 quitatis
1403 3789 1792 3869 Hebraicae
1837 3795 2070 3871 studio
2109 3805 2430 3871 accurato
2447 3854 2470 3885 ,
2517 3796 2609 3870 de
2654 3794 3131 3871 Israelitarum
3170 3792 3455 3867 historia
3496 3792 3729 3868 critice
3766 3792 4046 3868 investi·

1019 3934 1056 3972 n
1072 3906 1306 4003 ganda
1323 3966 1342 3996 ‚
1405 3910 1494 3984 de
1552 3911 1876 3989 historica
1934 3913 2206 3990 Veteris
2267 3915 2697 3990 Testamenti
2742 3912 3307 4013 interpretatione
3354 3900 3797 4011 disputarit-iti
3810 3970 3833 4001 ‚
3882 3912 4047 3987 satis

1019 4054 1056 4093 n
1071 4026 1458 4122 probabilia
1513 4037 1714 4106 sunt:
1765 4041 1842 4108 at
1892 4034 2022 4111 abs
2069 4034 2190 4109 tali
2208 4093 2230 4123 ,
2280 4036 2487 4134 quale
2534 4033 2981 4111 commendas
3000 4090 3023 4123 ,
3074 4031 3309 4106 studio
3356 4031 3769 4107 dehortandi
3815 4030 4047 4130 potius

1018 4172 1054 4211 n
1077 4150 1243 4217 sunt
1261 4202 1281 4233 ‚
1345 4146 1514 4244 quib
1523 4172 1602 4221 us
1639 4148 1984 4225 Ecclesiae
2023 4161 2296 4226 nostrae
2332 4151 2720 4225 ministrare
2760 4150 3195 4251 propositum
3242 4157 3385 4225 est:
3435 4175 3523 4224 ex
3560 4150 3680 4225 illo
3724 4150 3913 4224 enim
3956 4148 4047 4225 ad

1015 4290 1052 4329 n
1072 4260 1296 4361 ipsam
1335 4265 1583 4363 praxin
1621 4291 1762 4343 non
1799 4268 2010 4345 modo
2031 4294 2280 4369 parum
2303 4269 2624 4345 utilitatis
2650 4269 3108 4359 redundabit,
3156 4270 3281 4345 sed
3306 4270 3575 4345 critices
3598 4293 3769 4345 usus
3782 4326 3805 4359 ,
3834 4292 4047 4369 quem

1017 4408 1052 4447 n
1071 4382 1245 4457 adeo
1287 4384 1650 4461 celebrasti
1667 4446 1688 4475 ,
1735 4387 1900 4465 huic
1941 4388 2232 4465 minime
2275 4388 2837 4465 accommodatus
2857 4447 2878 4478 ‚
2926 4388 3071 4463 imo
3105 4387 3355 4465 noxius
3376 4388 3741 4465 habendus
3768 4398 3907 4465 est:
3956 4410 4047 4465 ne

1017 4528 1052 4568 n
1075 4524 1448 4579 memorem
1469 4564 1490 4594 ,
1537 4506 1938 4583 istiusmodi
1978 4509 2292 4585 studium
2310 4567 2333 4598 ‚
2373 4509 2569 4607 quod
2609 4508 2723 4583 vix
2750 4507 2962 4583 unius
2986 4508 3289 4584 hominis
3309 4517 3423 4584 est
3440 4567 3459 4597 ,
3496 4533 3541 4583 a
3566 4508 3889 4608 theologo
3906 4566 3929 4597 ,
3970 4508 4045 4581 in

1019 4648 1056 4687 u
1073 4627 1270 4694 tanta
1311 4645 1546 4699 rerum
1585 4626 2164 4705 addiscendarum
2193 4626 2394 4727 copia
2411 4684 2434 4715 ,
2464 4627 2879 4726 neutiquam
2914 4650 3119 4727 posse
3150 4628 3556 4728 postulari.”
3614 4626 4005 4702 Audivistin
4021 4681 4043 4714 ‚

1013 4761 1192 4835 quae
1239 4738 1414 4815 mihi
1463 4740 1670 4819 obiici
1718 4755 2031 4844 possunt.
2128 4746 2252 4823 Ad
2299 4746 2471 4823 haec
2488 4804 2511 4836 ,
2559 4770 2773 4846 quam
2822 4746 3223 4825 brevissime
3264 4760 3505 4849 potero
3522 4807 3545 4837 ,
3590 4746 4041 4849 respondebo.
