4766 6034
1917 629 2472 698 ORATIO.
3624 635 3708 702 93

681 839 1140 918 Christianam
1162 900 1183 929 ,
1247 865 1373 914 nec
1437 837 1909 914 Reformatam
1963 839 2341 916 Ecclesiam
2412 863 2606 914 suam
2668 838 2921 914 habere
2971 839 3387 928 doctrinam,
3461 841 3705 916 fidem-

679 987 814 1061 que
833 1023 856 1052 ,
909 988 1089 1062 quae
1131 988 1176 1036 a
1221 961 1424 1036 nobis
1469 959 1897 1058 postulatur,
1957 983 2097 1034 non
2145 985 2296 1034 esse
2341 959 2556 1034 fidem
2578 1017 2596 1046 ,
2648 959 2851 1034 certis
2895 959 3317 1058 quibusdam
3365 961 3703 1060 dogmati-

677 1085 812 1158 bus
878 1083 1344 1158 adhibendam
1369 1141 1390 1170 ,
1457 1081 1582 1156 sed
1645 1079 2016 1154 consistere
2078 1080 2278 1154 unice
2344 1079 2420 1152 in
2482 1081 2739 1155 fiducia
2761 1139 2780 1167 ,
2848 1081 2919 1155 in
2985 1081 3095 1154 Cn
3108 1105 3351 1170 ars'r0,
3416 1083 3705 1182 Deoque

675 1205 1089 1303 reponenda.
1167 1202 1425 1279 Audio.
1503 1198 1643 1275 Sed
1697 1201 1923 1276 videte
1971 1226 2126 1290 vos,
2188 1225 2481 1300 quaeso,
2551 1200 2673 1300 qui
2693 1201 2817 1276 ‘ita
2864 1201 3264 1300 loquimini,
3318 1226 3406 1276 an
3450 1227 3588 1276 non
3630 1204 3702 1277 in

674 1325 970 1400 alterum
1027 1325 1245 1400 ruatis
1305 1330 1693 1398 extremum
1714 1379 1735 1409 ,
1804 1321 2356 1420 sententiamque
2414 1321 2866 1421 propugnetis
2886 1381 2905 1410 ,
2974 1321 3088 1396 cui
3137 1321 3207 1394 et
3252 1321 3535 1396 historia
3556 1383 3575 1412 ,
3634 1323 3705 1398 et

673 1444 823 1540 ipsa
893 1445 995 1518 rei
1056 1445 1231 1520 ratio
1255 1503 1274 1532 ,
1351 1443 1422 1518 et
1488 1467 1645 1518 vero
1709 1442 1918 1517 etiam
1981 1450 2206 1516 vestra
2254 1442 2562 1541 ipsorum
2616 1441 2977 1516 affirmatio
3022 1465 3301 1541 prorsus
3338 1451 3701 1543 repugnet.

677 1563 999 1640 Concedo
1017 1623 1036 1651 ,
1103 1563 1277 1638 nulli
1325 1563 1527 1639 licere
1575 1563 1902 1636 Societati
1946 1562 2378 1638 Christianae
2432 1562 2775 1637 eiusmodi
2819 1562 3197 1643 doctrinam
3243 1565 3657 1640 constituere
3683 1626 3702 1655 ,

673 1708 850 1782 quae
915 1684 1024 1758 vel
1077 1709 1237 1759 cum
1303 1682 1636 1759 librorum
1695 1707 1785 1758 ss.
1845 1682 2230 1759 enunciatis
2268 1691 2576 1784 pugnet,
2644 1684 2751 1758 vel
2798 1683 2999 1782 plura
3040 1683 3389 1758 contineat
3411 1743 3430 1773 ,
3488 1711 3702 1784 quam

675 1828 852 1902 quae
913 1804 1144 1878 divina
1190 1827 1316 1878 nos
1367 1803 1568 1878 docet
1618 1802 2028 1902 patefacti03
2092 1827 2254 1879 nam
2301 1829 2481 1903 quae
2526 1803 2656 1877 hoc
2701 1803 2848 1902 agit
2900 1803 3285 1902 horumque
3336 1807 3701 1911 confessio-

672 1947 834 1998 nem
878 1949 922 1998 a
971 1924 1118 1998 suis
1165 1924 1366 1998 sociis
1405 1923 1732 2023 requirit,
1778 1921 1946 1998 haec
1996 1949 2084 1999 ne
2148 1927 2541 2016 Christiana
2587 1924 2871 2024 quidem
2908 1923 3247 2013 Ecclesia,
3288 1951 3401 2000 me
3436 1927 3665 2003 iudice
3684 1989 3704 2017 ,

627 2043 810 2150 θ,(11σί
874 2052 1198 2119 meretur.
1298 2044 1498 2118 Idem
1564 2067 1725 2118 vero
1795 2043 1868 2118 et
1924 2043 2388 2119 Christianam
2412 2103 2432 2132 ,
2497 2044 2568 2118 et
2617 2043 3088 2118 Reformatam
3144 2046 3525 2122 Ecclesiam
3580 2073 3706 2122 sua

621 2157 626 2162 ’
671 2165 984 2262 gaudere,
1048 2164 1359 2239 doctrina
1422 2164 1785 2239 contendo.
1887 2165 2042 2240 Etsi
2094 2166 2282 2239 enim
2335 2165 2493 2265 plus
2542 2163 2879 2238 Conditor
2925 2164 3271 2240 Ecclesiae
3329 2169 3705 2267 spectavit,

672 2311 882 2382 quam
961 2292 1232 2360 mentes
1295 2291 1564 2359 nostras
1631 2284 1972 2361 illustrare
1994 2344 2012 2374 ,
2089 2310 2215 2360 nec
2282 2286 2599 2383 Systema
2670 2282 3018 2357 doctrinae
3088 2286 3487 2364 absolutum
3566 2297 3703 2364 tra·

492 2507 499 2515 .
603 2469 610 2472 .
671 2403 892 2491 didit,
964 2410 1196 2478 tamen
1264 2403 1452 2476 venit
1522 2427 1802 2502 quoque
1869 2405 1962 2479 ad
2016 2404 2409 2479 docendum
2432 2463 2451 2492 ‚
2523 2402 3045 2502 doctrinamque
3068 2462 3087 2492 ,
3150 2431 3363 2504 quam
3411 2434 3454 2483 a
3499 2411 3705 2484 Patre

671 2531 1069 2622 acceperat,
1155 2545 1315 2597 cum
1388 2521 1788 2598 hominibus
1857 2525 2505 2640 communicandam
2528 2525 2698 2616 ¹³¹):
2771 2525 2887 2600 cui
2942 2525 3225 2600 consilio
3291 2535 3363 2602 et
3433 2529 3707 2604 muneri

671 2667 810 2742 quo
873 2643 1083 2718 modo
1154 2643 1598 2730 satisfecerit,
1661 2652 1809 2720 tota
1875 2646 2026 2720 eius
2092 2646 2232 2720 vita
2294 2670 2421 2720 nos
2481 2645 2682 2719 docet
2709 2643 2865 2735 ¹³²).
2944 2645 3149 2720 Hanc
3196 2647 3410 2746 igitur
3456 2649 3704 2724 doctri-

669 2785 831 2838 nam
905 2761 1196 2862 accipiat
1259 2771 1330 2837 et
1393 2764 1802 2838 confiteatur
1863 2763 2168 2839 Ecclesia
2191 2824 2213 2853 ,
2288 2772 2481 2863 'quae
2565 2762 2963 2836 Christiana
3038 2762 3176 2837 dici
3235 2765 3501 2863 possit,
3587 2791 3705 2842 ne-

669 2909 856 2960 cesse
907 2891 1035 2958 est.
1119 2884 1276 2958 Imo
1321 2907 1410 2958 ne
1459 2883 1746 2982 cogitari
1792 2883 2076 2982 quidem
2122 2891 2352 2984 potest
2398 2881 2704 2958 Ecclesia
2725 2940 2746 2969 ,
2812 2881 2947 2955 nisi
3004 2885 3341 2958 confitens
3362 2943 3384 2972 ,
3446 2885 3581 2959 nisi
3631 2888 3708 2961 id
3830 2927 3835 2932 ·

673 3003 862 3102 quod
929 3001 1146 3079 credit
1163 3062 1185 3091 ,
1259 3000 1472 3077 libere
1538 3002 2022 3101 pronuncians,
2120 3002 2337 3082 Quod
2386 3010 2620 3110 autem
2662 3003 3031 3077 confitetur
3055 3034 3080 3091 ,·
3136 3003 3307 3102 quid
3358 3013 3463 3079 est
3482 3066 3502 3093 ,
3574 3007 3708 3081 nisi

671 3124 1024 3213 doctrina,
1092 3122 1304 3222 quam
1363 3123 1664 3221 cogitare
1721 3146 1860 3197 non
1910 3146 2320 3224 possumus,
2389 3121 2527 3197 nisi
2574 3128 2759 3197 certa
2804 3124 3143 3221 quaedam
3193 3124 3445 3222 placita
3488 3128 3706 3201 conti-

669 3253 972 3321 nentem.
1060 3244 1435 3343 Cogitandi
1505 3242 1918 3342 dicendique
1972 3242 2362 3319 libertatem
2404 3251 2683 3317 strenue
2726 3241 3009 3341 quidem
3054 3254 3581 3344 propugnarunt
3628 3272 3708 3321 ac

676 3364 1113 3439 vindicarunt
1161 3362 1708 3452 Reformatores3
1762 3363 1886 3437 sed
1926 3362 2316 3439 libertatem
2359 3362 2889 3450 intellexerunt,
2942 3387 3099 3437 vero
3143 3363 3458 3439 Cmus'rr
3504 3366 3707 3442 disci-

671 3484 835 3583 pulo
907 3483 1192 3582 dignam
1225 3482 1356 3575 183)
1381 3535 1404 3573 ,
1475 3506 1812 3580 suamque
1866 3482 2001 3582 ipsi
2068 3483 2452 3558 doctrinam
2474 3541 2495 3571 ,
2566 3483 2911 3558 Ecclesiae
2957 3484 3707 3563 Romano-Catholicae

673 3603 1050 3679 sententiae
1113 3604 1502 3703 oppositam
1524 3660 1545 3690 ,
1621 3602 2126 3678 denunciarunt
2150 3604 2306 3697 ¹³4).
2404 3603 2770 3678 Putatisne
2793 3663 2813 3693 ,
2884 3605 3240 3703 agnituros
3313 3605 3525 3681 fuisse
3592 3634 3709 3683 eos

673 3749 794 3823 pro
865 3724 1012 3797 suis
1037 3782 1056 3811 ,
1125 3724 1247 3821 qui
1314 3722 1423 3797 vel
1493 3746 1840 3799 summam
1887 3725 2244 3800 Pontificis
2287 3725 2590 3799 Romani
2637 3724 3116 3800 auctoritatem
3134 3784 3153 3813 ,
3216 3726 3329 3799 vel
3376 3728 3707 3825 placitum

673 3844 762 3917 de
817 3844 1127 3919 Ecclesia
1191 3843 1337 3918 faui
1399 3843 1630 3917 nescia
1653 3901 1674 3931 ,
1749 3844 1857 3917 vel
1904 3843 2692 3922 transsubstantiationis
2740 3868 2808 3941 q.
2858 3842 2925 3917 d.
2980 3844 3237 3943 dogma
3258 3903 3277 3931 ,
3343 3845 3451 3920 vel
3498 3846 3709 3921 inter-

673 3964 1002 4039 cessionis
1061 3966 1470 4039 Sanctorum
1493 4022 1513 4052 ,
1577 3963 1990 4039 nominatim
2037 3966 2350 4040 ΜΑΒῙΑΕ
2393 3966 2580 4064 apud
2623 3966 2857 4039 Deum
2900 3962 3433 4063 Cflms'rtmque
3474 3990 3706 4062 neces·

674 4086 946 4159 sitatem
974 4144 992 4172 ,
1066 4084 1175 4158 vel
1249 4086 1591 4159 bonorum
1643 4109 1933 4183 operum
1981 4084 2118 4157 vim
2168 4086 2588 4159 meritoriam
2638 4083 2968 4157 docerent
3011 4107 3091 4155 ac
3132 4067 3706 4183 propugnarent?

674 4206 924 4284 Quid?
967 4206 1158 4304 quod
1207 4206 1400 4280 vobis
1441 4204 1576 4303 ipsi
1619 4204 2118 4291 contradicitis,
2163 4228 2326 4280 nam
2361 4204 2650 4291 fiducia,
2694 4203 2769 4276 in
2809 4201 2962 4287 Deo
3008 4202 3470 4302 Cflmsroque
3508 4230 3703 4305 repo·
3760 4232 3775 4243 “

671 4324 904 4401 nenda
921 4384 942 4414 ,
1008 4350 1220 4423 quam
1267 4331 1450 4399 recte
1497 4324 1906 4423 praedicatis
1921 4382 1941 4412 ,
2000 4347 2230 4399 nonne
2276 4324 2471 4423 ponit
2516 4322 2769 4397 mentis
2823 4321 3335 4420 persuasionem
3382 4325 3469 4399 de
3509 4328 3662 4400 Deo
3681 4386 3703 4415 ,

673 4444 852 4519 bene
895 4444 1094 4520 nobis
1133 4444 1402 4520 volente
1421 4504 1441 4533 ,
1487 4445 1575 4520 de
1619 4446 1950 4520 Camsmo
1975 4504 1994 4533 ,
2041 4445 2242 4521 unico
2284 4454 2520 4519 nostro
2541 4445 3034 4518 Conservatore
3053 4498 3073 4528 ,
3130 4441 3463 4520 divinitus
3500 4446 3701 4520 nobis

673 4565 840 4641 dato
863 4624 882 4653 ,
929 4566 1280 4666 dignoque
1296 4624 1316 4654 ,
1355 4566 1428 4641 in
1468 4590 1609 4666 quo
1652 4590 1931 4643 omnem
1975 4573 2280 4641 nostram
2320 4588 2736 4665 reponamus
2775 4560 3160 4636 fiduciam?
3230 4562 3425 4640 Haec
3460 4573 3699 4641 autem

671 4709 902 4759 nonne
952 4686 1204 4785 placita
1222 4745 1243 4774 ,
1310 4710 1363 4760 s.
1414 4685 1744 4785 dogmata
1795 4692 1992 4774 sunt,
2046 4710 2226 4785 quae
2274 4708 2682 4786 cognoscere
2730 4689 2802 4756 et
2844 4679 3165 4778 amplecti
3212 4707 3337 4758 nos
3384 4694 3695 4787 oportet,

673 4814 756 4878 ut
805 4806 956 4880 Deo
1008 4807 1480 4905 Cnms'roque
1529 4804 1740 4881 fidem
1785 4804 2038 4881 habere
2091 4806 2477 4906 possimus!
2554 4804 2735 4881 Sunt
2778 4801 2995 4903 igitur
3038 4800 3113 4875 in
3160 4802 3700 4921 Protestantium
