4766 6034
1862 644 2420 714 ORATIO.
2859 710 2870 718 ,
3530 641 3657 707 191

602 880 765 956 pore
825 855 1192 957 paullatim
1243 856 1317 931 in
1376 854 1719 931 variarum
1765 854 2130 955 regionum
2185 851 2554 955 provinciis
2599 857 2670 925 et
2721 849 3014 926 urbibus
3060 848 3188 925 viri
3231 847 3453 938 docti,
3503 855 3660 926 tum

600 975 877 1075 publice
936 976 1029 1051 ad
1083 975 1159 1050 id
1212 974 1489 1051 invitati
1537 983 1695 1051 tum
1742 976 2069 1052 societate
2117 974 2338 1051 iuncti
2360 1031 2381 1064 ,
2447 972 2524 1049 in
2575 970 3152 1047 bibliothecarum
3196 969 3494 1046 latebras
3515 1028 3535 1059 ,
3583 968 3660 1043 in

604 1093 945 1170 tabularia
1006 1094 1287 1169 aedium
1353 1118 1697 1171 sacrarum
1725 1154 1745 1183 ,
1808 1093 2383 1170 monasteriorum
2442 1099 2514 1167 et
2556 1091 2906 1169 curiarum
2924 1149 2947 1181 ‚
2994 1092 3070 1166 in
3119 1089 3368 1166 scrinia
3409 1088 3660 1189 princi-

602 1238 775 1315 pum
829 1215 1333 1314 hominumque
1382 1215 1629 1291 veteris
1670 1214 2027 1315 prosapiae
2072 1214 2308 1289 oculos
2358 1219 2844 1289 converterunt
2894 1220 2966 1287 et
3011 1211 3416 1312 multiplici,
3468 1210 3660 1311 quod

604 1334 993 1411 identidem
1048 1344 1549 1435 cognoverant,
1618 1335 2036 1411 chartarum
2090 1334 2327 1435 generi
2393 1332 2847 1409 describendo
2868 1392 2890 1422 ,
2940 1332 3369 1433 disponendo
3386 1390 3408 1423 ,
3457 1332 3660 1408 disci-

604 1456 789 1555 pulis
854 1456 931 1529 in
1002 1456 1235 1531 schola
1304 1455 1709 1555 explicando
1777 1454 2185 1555 edendoque
2243 1478 2524 1553 operam
2577 1454 2952 1530 navaruntl
3027 1455 3116 1529 In
3155 1454 3241 1529 iis
3282 1460 3520 1529 autem
3569 1452 3660 1528 ab

601 1576 893 1651 interitu
966 1575 1318 1652 servandis
1375 1576 1756 1652 multorum
1814 1576 2019 1651 hodie
2079 1574 2442 1675 diligentia
2509 1598 2724 1674 prope
2775 1598 3073 1674 aequare
3121 1573 3485 1674 pristinam
3538 1596 3660 1648 ne·

603 1695 1013 1797 gligentiam
1060 1696 1335 1771 videtur
1354 1753 1374 1784 ‚
1424 1720 1565 1793 qua
1608 1696 1767 1796 quis
1807 1695 2093 1771 definiat
2127 1695 2402 1794 quoties
2445 1694 2647 1795 piper
2683 1694 2939 1770 chartis
2975 1695 3310 1770 amictum
3352 1693 3444 1768 sit
3482 1717 3622 1768 non
3639 1752 3659 1781 ,

603 1824 689 1891 ut
754 1815 869 1891 ille
934 1816 1072 1907 ait,
1122 1815 1377 1915 ineptis
1400 1874 1421 1905 ,
1475 1816 1597 1891 sed
1650 1842 1819 1893 auro
1867 1815 2412 1917 pretiosioribus.
2511 1814 2710 1890 Haec
2756 1814 3060 1892 fontium
3106 1838 3272 1889 cura
3317 1812 3658 1913 amplissi-

602 1961 881 2013 morum
921 1936 1192 2013 exstitit
1234 1935 1677 2013 consiliorum
1718 1944 1962 2012 auctor
1982 1994 2003 2025 ,
2052 1935 2312 2035 quibus
2347 1942 2542 2010 vasta
2585 1934 2930 2009 debentur
2957 1933 3398 2032 maximoque
3428 1930 3661 2009 labore

598 2058 882 2135 condita
928 2082 1177 2156 opera.
1284 2055 1477 2131 Hinc
1544 2056 1945 2155 praesertim
1964 2114 1987 2146 ‚
2034 2064 2117 2131 ut
2163 2054 2546 2155 splendidis
2591 2061 2752 2129 utar
2799 2054 3168 2154 exemplis,
3219 2055 3490 2153 Corpus
3544 2054 3662 2127 In-

602 2178 1061 2278 scriptionum
1126 2179 1551 2253 Graecarum
1618 2176 2025 2253 auctoritate
2066 2175 2488 2252 Academiae
2539 2174 2925 2251 litterarum
2979 2174 3212 2275 regiae
3251 2174 3661 2251 Borussicae

600 2325 645 2375 a
700 2298 1004 2374 Boeckio
1070 2297 1378 2373 editum:
1450 2297 1613 2373 hine
1676 2297 1965 2372 societas
2024 2294 2414 2397 aperiendis
2455 2294 2768 2370 fontibus
2813 2318 3048 2370 rerum
3091 2295 3662 2370 Germanicarum

598 2418 819 2493 medii
881 2417 1067 2506 aevi,
1136 2417 1337 2491 cuius
1397 2416 1723 2516 auspiciis
1769 2416 2083 2505 Pertzius
2127 2421 2583 2492 monumenta
2626 2414 2894 2515 publici
2940 2414 3112 2489 iuris
3155 2412 3321 2490 facit
3370 2416 3659 2490 Germa-

596 2536 759 2612 niae
820 2536 1181 2611 historica:
1244 2535 1407 2611 hinc
1464 2536 1725 2636 sylloge
1789 2536 2364 2613 documentorum
2412 2534 2738 2611 historiae
2782 2534 3153 2611 Francicae
3196 2533 3618 2610 ineditorum
3640 2592 3660 2623 ‚

598 2658 803 2733 cuius
847 2655 1152 2731 editione
1194 2656 1343 2755 regi
1390 2655 1745 2731 Ludovieo
1795 2656 2119 2755 Philippo
2162 2655 2724 2733 ‘commendanda
2775 2655 3084 2732 Guizotii
3139 2654 3662 2755 disciplinarum

598 2775 1084 2851 historicarum
1152 2798 1344 2850 amor
1404 2798 1605 2849 suam
1648 2774 1919 2849 ornavit
1963 2774 2422 2850 institutionis
2471 2775 2792 2875 publicae
2837 2776 3363 2877 praefecturam.
3465 2776 3622 2851 Scio
3641 2834 3662 2866 ,

601 2896 921 2971 nondum
966 2893 1294 2969 omnibus
1338 2893 1587 2968 horum
1632 2892 1973 2970 bonorum
2016 2892 2316 2969 dominis
2354 2895 2756 2993 persuaderi
2800 2920 3001 2995 posse
3019 2954 3041 2985 ,
3093 2920 3175 2971 ea
3211 2894 3294 2970 u't
3322 2895 3396 2970 in
3436 2895 3662 2972 lucem

468 3023 483 3034 ”
600 3013 891 3116 proferri
951 3013 1202 3089 sinant.
1320 3013 1517 3089 Alios
1579 3014 1684 3089 vis
1746 3014 2033 3090 inertiae
2098 3014 2388 3114 premit:
2462 3014 2616 3091 aliis
2675 3025 2905 3091 metus
2966 3015 3224 3116 gloriae
3285 3016 3666 3092 illustrium

602 3139 947 3214 maiorum
1010 3134 1417 3235 religionem
1482 3133 1741 3210 iniicit:
1814 3134 1952 3210 fuit
2014 3159 2239 3235 nuper
2255 3192 2275 3223 ‚
2340 3134 2458 3210 cui
2502 3134 2910 3212 thesaurum
2962 3161 3172 3212 suum
3233 3139 3328 3232 (Ρ)
3385 3161 3467 3212 ea
3509 3138 3664 3238 lege

600 3257 865 3332 civitati
910 3257 1165 3331 donare
1207 3256 1549 3355 placeret,
1598 3261 1683 3328 ut
1721 3253 1961 3330 Liberi
1994 3253 2288 3330 Batonis
2332 3253 2642 3355 dignitas
2687 3256 3078 3356 praemium
3121 3265 3304 3332 esset
3350 3257 3661 3333 donatio-

598 3379 709 3453 nis
764 3380 872 3471 ¹):
948 3382 1113 3451 sunt
1184 3376 1395 3452 etiam
1418 3433 1439 3464 ,
1510 3374 1635 3474 qui
1710 3374 1845 3449 sibi
1914 3374 2222 3474 priorum
2293 3382 2690 3476 temporum
2764 3376 3086 3452 tenebras
3148 3379 3384 3480 potius
3449 3403 3662 3478 quam

600 3498 831 3574 lucem
894 3497 1221 3597 prodesse
1290 3502 1581 3595 putent,
1652 3519 1795 3570 non
1868 3505 2141 3584 tamen,
2212 3495 2274 3570 si
2336 3495 2512 3594 quid
2577 3496 2777 3573 video
2795 3555 2816 3587 ,
2881 3497 3336 3574 inexorabiles
3403 3499 3662 3588 futuri,

604 3619 863 3719 quippe
907 3642 1047 3693 non
1100 3615 1383 3692 omnino
1425 3614 2020 3716 οἷδωροδόκητοι.
2121 3615 2625 3693 Verumtamen
2675 3617 2854 3694 bene
2901 3643 3173 3718 sperare
3208 3618 3378 3695 haec
3417 3619 3664 3696 iubent

604 3747 919 3839 tempora
935 3796 955 3827 ‚
1026 3736 1283 3837 quibus
1337 3736 1591 3813 abhinc
1650 3761 1869 3812 annos
1915 3737 2154 3813 decem
2196 3737 2350 3838 ipsa
2402 3738 2882 3837 Septimancae
2935 3740 3233 3816 claustra
3283 3751 3660 3834 cesserunt.

604 3858 978 3959 Perspicua
1048 3866 1155 3932 est
1217 3858 1615 3958 argumenti
1678 3858 1803 3932 vis.
1903 3858 2022 3933 Ad
2094 3857 2305 3934 huius
2364 3858 2555 3933 enim
2609 3860 2784 3936 arcis
2837 3860 3262 3961 Hispanicae
3304 3862 3662 3937 thesauros

604 3965 841 4054 aditus
902 4002 1045 4055 non
1122 3985 1401 4054 tantum
1460 3978 1899 4053 Robertsono
1922 4035 1943 4066 ,
2010 3977 2369 4054 historiam
2426 3979 2790 4057 Americae
2845 3982 3221 4081 cogitanti,
3269 3981 3660 4083 exterisque

605 4108 767 4176 ante
833 4099 1279 4175 Gachardum
1356 4098 1683 4175 omnibus
1747 4105 2049 4198 negatus
2113 4105 2254 4187 est,
2324 4098 2467 4173 sed.
2491 4099 2664 4198 ipsis
2708 4100 3060 4201 indigenis
3081 4159 3102 4192 ,
3167 4101 3299 4176 etsi
3343 4102 3656 4178 historio-

606 4218 855 4320 graphi
909 4219 1087 4318 regii
1154 4218 1359 4294 titulo
1423 4219 1681 4295 ornatis
1701 4278 1721 4307 ,
1791 4219 1890 4294 ita
1945 4242 2159 4318 prope
2218 4219 2616 4320 praeclusus
2679 4220 2816 4296 fuit
2833 4281 2852 4311 ‚
2922 4229 3004 4298 ut
3064 4247 3191 4322 per
3248 4222 3381 4297 tria
3427 4225 3658 4298 secula

607 4363 793 4414 unus
853 4339 1061 4415 modo
1124 4364 1163 4414 e
1226 4339 1504 4415 Chartis
1546 4339 1649 4414 ibi
1695 4337 2059 4415 asservatis
2107 4337 2476 4437 profecisse
2517 4341 2833 4418 tradatur
2881 4345 2973 4436 ²).
3024 4385 3123 4398 —
3169 4341 3368 4416 Haec
3417 4348 3654 4417 autem

686 4553 741 4636 ¹)
798 4555 885 4617 De
916 4557 1110 4636 Bavay
1126 4605 1141 4630 ‚
1182 4558 1393 4620 Procae
1426 4559 1499 4619 du
1542 4563 1722 4621 comte
1760 4558 2081 4635 D‘Eymont
2097 4603 2113 4632 ,
2153 4564 2211 4620 et
2240 4557 2432 4636 μ’ὲοεε
2463 4558 2897 4639 juezssoatim,
2948 4557 3175 4637 d'apr20
3213 4561 3293 4621 lec
3329 4564 3658 4624 manuscr-ite

605 4650 897 4726 oriyinauae
936 4656 1156 4714 trouve&
1194 4655 1232 4715 a
1272 4655 1460 4715 Mons.
1500 4657 1579 4715 K.
1619 4675 1685 4716 en
1718 4657 1997 4727 Lactora..
2048 4658 2237 4728 1854,
2277 4654 2385 4717 Ν..
2431 4660 2540 4729 26,
2580 4675 2636 4737 p.
2680 4659 2816 4716 206.

686 4742 737 4824 ²)
789 4746 1051 4807 Gachard
1067 4794 1083 4821 ,
1120 4751 1325 4810 Notioe
1362 4751 1673 4829 siccarique
1708 4759 1767 4812 et
1803 4752 2135 4830 descriptiva
2171 4753 2266 4815 des
2308 4753 2588 4816 Arcum
2627 4753 2872 4834 Royaleo
2909 4753 2976 4814 de
3013 4753 3293 4818 Sinancaae
3329 4753 3391 4817 iu
3439 4759 3658 4818 Conec-

596 4841 879 4914 pandam
915 4845 983 4904 de
1020 4845 1285 4923 Philippe
1324 4847 1418 4919 Il,
1460 4847 1590 4908 Vol.
1636 4847 1704 4921 1,
1746 4868 1801 4930 p.
1842 4853 1921 4911 49
1963 4869 2097 4932 sqq„
