4766 6034
644 857 769 932 Die
820 862 915 933 14

648 3017 779 3093 Die
834 3021 921 3093 15

1710 646 1959 717 ACTA
2022 645 2123 714 IN
2182 645 2587 714 SENATU.
3547 645 3673 713 165

979 884 1072 936 m.
1133 855 1489 959 Septemb.
1590 856 1836 938 Quum
1894 857 2050 932 Rex
2104 854 2644 956 augustissimus
2703 853 3122 930 Guilielmus
3175 854 3292 928 III
3354 853 3484 928 hoc
3563 851 3677 926 die

978 979 1270 1056 solemni
1346 1001 1537 1054 more
1604 977 1953 1053 civitatem
2016 977 2730 1077 Rheno-traJectinam
2807 975 3082 1051 visitare
3162 973 3676 1062 constituisset,

977 1101 1274 1177 Senatus
1348 1126 1391 1176 a
1450 1100 1745 1175 Rectore
1811 1106 2133 1175 evocatus
2201 1097 2522 1174 convenit
2589 1099 2684 1173 ad
2751 1095 3144 1196 Principem
3205 1093 3674 1170 salutandum.

980 1222 1343 1296 Senatores
1410 1219 1484 1294 in
1557 1218 1818 1294 curiam
1890 1244 1965 1294 se
2042 1219 2486 1294 contulerunt
2557 1216 2798 1316 ibique
2871 1216 2995 1293 ad·
3043 1217 3315 1317 Regem
3393 1213 3682 1291 admissi

981 1349 1163 1416 sunt.
1263 1339 1381 1414 Ibi
1437 1341 1695 1414 Rector
1712 1398 1731 1428 ,
1803 1339 2074 1440 Regem
2138 1339 2478 1414 allocutus
2496 1396 2517 1427 ,
2566 1336 2984 1415 Academiae
3031 1338 3330 1412 Senatus
3375 1341 3448 1410 et
3488 1359 3676 1409 reve-

978 1462 1271 1537 rentiam
1331 1459 1433 1534 illi
1492 1467 1789 1535 testatus
1845 1469 1953 1534 est
2006 1467 2075 1534 et
2137 1457 2471 1534 laetitiam
2490 1516 2511 1547 ,
2575 1457 2766 1557 quod
2811 1465 3246 1558 praesentem
3285 1455 3682 1556 Principem

978 1581 1089 1657 hic
1154 1582 1453 1657 salutare
1526 1581 1977 1681 contingeret.
2078 1579 2293 1654 Porro
2358 1577 2728 1653 declaravit
2789 1578 2892 1653 illi
2952 1601 3360 1678 prosperum
3410 1574 3680 1652 Acade·

979 1701 1157 1776 miae
1214 1707 1475 1794 statum
1495 1758 1516 1789 ,
1567 1706 1717 1775 tam
1764 1722 2055 1772 numero
2108 1696 2578 1772 studiosorum
2624 1719 2838 1795 quam
2889 1693 3233 1771 industria
3280 1695 3679 1796 flqrentem3

980 1829 1472 1896 commemorat
1530 1818 1953 1895 Acade'miae
2007 1817 2346 1893 Instituta
2365 1876 2387 1907 ,
2443 1815 2951 1892 Bibliothecam
2971 1875 2991 1906 ‚
3041 1817 3330 1905 Musca,
3379 1813 3680 1891 Labora-

986 1941 1160 2017 toria
1221 1947 1351 2018 cet.
1406 1939 1873 2015 studiosomm
1920 1937 2080 2012 usui
2125 1936 2567 2012 inservientia
2617 1945 2688 2011 et
2739 1936 3044 2012 maxima
3086 1961 3212 2035 pro
3253 1943 3449 2036 parte
3500 1935 3683 2036 ipso·

986 2085 1142 2136 rum
1188 2085 1396 2160 scopo
1440 2057 1970 2149 satisfacientia3
2022 2058 2323 2156 denique
2364 2052 2850 2131 Universitatis
2889 2063 2961 2130 et
2998 2055 3466 2131 doctrinarum
3497 2079 3682 2131 com-

981 2181 1187 2256 moda
1233 2180 1511 2280 cognito
1554 2186 1627 2254 et
1675 2186 1981 2279 spectato
2030 2178 2249 2280 Regis
2296 2179 2512 2253 favori
2562 2177 3026 2254 commendat.
3124 2177 3246 2252 Ad
3297 2201 3476 2276 quae
3528 2177 3684 2252 Rex

980 2299 1281 2400 benigne
1360 2299 1749 2398 respondit:
1833 2299 2008 2374 nihil
2078 2298 2212 2374 sibi
2279 2298 2549 2400 gratius
2614 2297 2922 2373 accidere
2992 2321 3206 2396 quam
3283 2303 3681 2395 praesentes

978 2420 1331 2520 adspicere
1374 2420 1742 2496 Rectorem
1790 2425 1861 2495 et
1902 2419 2330 2495 Professores
2378 2417 2798 2494 Academiae
2845 2423 2991 2491 tam
3037 2416 3428 2515 frequentia
3469 2440 3682 2515 quam

976 2540 1443 2616 doctrinarum
1504 2540 1703 2614 cultu
1760 2539 2284 2615 florentissimae
2306 2599 2327 2630 ‚
2392 2563 2520 2614 nec
2583 2538 2969 2638 quidquam
3028 2535 3386 2635 antiquius
3435 2561 3507 2610 se
3560 2534 3681 2611 ha-

980 2659 1296 2736 biturum
1336 2683 1548 2758 quam
1589 2666 1672 2732 ut
1707 2658 2126 2734 Academiae
2164 2659 2602 2760 prosperitati
2647 2664 2720 2734 et
2768 2656 3236 2733 doctrinarum
3273 2657 3522 2732 studiis
3560 2657 3681 2731 ad-

976 2778 1301 2878 juvandis
1352 2785 1697 2878 quantum
1737 2784 2012 2877 posset,
2063 2779 2444 2856 inserviret.

989 3043 1083 3094 m.
1158 3017 1509 3118 Septemb.
1612 3020 1911 3095 Senatus
1973 3017 2293 3095 convenit
2348 3024 2432 3093 ut
2499 3019 2680 3119 Regi
2748 3015 3166 3094 Academica
3235 3015 3548 3093 aedificia
3611 3024 3684 3091 et

980 3138 1321 3214 Instituta
1378 3139 1777 3241 inspecturo
1833 3140 2382 3240 praestolaretur.
2498 3139 2588 3213 In
2631 3137 3051 3214 Academiae
3092 3136 3436 3212 vestibulo
3482 3138 3681 3213 Prin-

980 3259 1207 3359 cipem
1246 3267 1614 3367 expectant
1656 3263 1913 3338 Rector
1948 3260 2360 3361 magnificus
2401 3282 2565 3335 cum
2604 3257 3010 3359 Graphiario
3048 3266 3119 3333 et
3153 3256 3679 3348 Assessoribus;
3711 3326 3722 3339 ,

976 3378 1476 3479 introgressum
1536 3378 1893 3454 deducunt
1956 3378 2030 3454 in
2084 3376 2536 3453 Auditorium
2594 3378 2860 3480 majus,
2925 3376 3053 3454 ubi
3099 3386 3169 3453 et
3214 3377 3465 3454 caeteri
3513 3379 3681 3454 Pro-

980 3498 1272 3574 fessores
1326 3506 1397 3573 et
1454 3498 1637 3575 cives
1697 3482 2099 3575 Academici
2145 3498 2547 3600 congregati
2599 3506 2796 3575 erant
2849 3500 2941 3576 ad
2989 3500 3262 3601 Regem
3311 3499 3682 3576 honorifice

987 3618 1495 3718 excipiendum.
1596 3618 1711 3695 Ibi
1762 3620 2019 3695 Rector
2065 3619 2458 3719 Principem
2507 3620 2850 3697 allocutus
2866 3679 2886 3710 ‚
2943 3620 3388 3720 juventutem
3438 3620 3681 3697 acade-

986 3737 1236 3814 micam
1323 3739 1439 3813 Illi
1513 3740 1871 3840 proposuit
1942 3746 2014 3815 et
2086 3739 2326 3816 habita
2411 3739 2716 3815 oratione
2788 3740 3229 3816 commendat
3305 3748 3674 3841 tanquam:

984 3882 1179 3958 spem
1244 3857 1542 3958 patriae,
1594 3866 1966 3959 parentum
2020 3885 2325 3936 amorem
2346 3920 2367 3951 ‚
2418 3861 2642 3937 almae
2685 3861 2925 3938 matris
2975 3886 3212 3938 curam
3229 3919 3251 3952 ,
3300 3886 3680 3962 eorumque

976 4002 1143 4079 erga
1198 3978 1496 4079 patriam
1513 4037 1534 4068 ,
1604 3978 1795 4080 leges
1856 3996 1929 4055 et
2003 3981 2272 4082 Regem
2348 3982 2804 4058 reverentiam
2863 3988 3076 4080 atque
3137 4006 3445 4057 amorem
3483 3989 3678 4081 justa

976 4097 1181 4173 laude
1255 4096 1715 4198 prosequitur.
1814 4100 1935 4176 Ad
2009 4100 2177 4176 haec
2247 4100 2454 4175 Cives
2521 4100 2895 4176 academici
2974 4108 3122 4176 tam
3186 4101 3675 4179 acclamatione

976 4242 1190 4317 quam
1245 4217 1515 4293 chorico
1565 4226 1777 4295 cantu
1818 4220 2002 4321 Regi
2054 4220 2642 4322 congratulantur.
2746 4220 2900 4295 Rex
2937 4226 3378 4317 juventutem
3431 4220 3672 4295 acade-

976 4336 1226 4414 micam
1291 4338 1403 4415 his
1461 4339 1689 4415 verbis
1747 4340 2157 4441 alloquitur:
2238 4370 2275 4413 ιι
2296 4339 2531 4417 Verba
2583 4340 2758 4416 mihi
2807 4340 3101 4430 desunt,
3151 4338 3408 4438 quibus
3457 4339 3674 4415 animi

987 4488 1023 4525 ιι
1048 4482 1290 4533 sensus
1308 4516 1329 4549 ,
1400 4459 1523 4559 qui
1587 4486 1777 4537 nunc
1840 4462 2119 4561 penitus
2181 4485 2295 4537 me
2358 4468 2794 4537 commovent
2811 4520 2832 4551 ,
2906 4460 3265 4536 declarem.
3367 4459 3674 4535 Tantum

988 4606 1025 4647 ιι
1046 4578 1137 4653 ad
1184 4604 1304 4655 vos
1352 4579 1609 4657 dixisse
1648 4582 1973 4657 sufficiat:
2042 4580 2103 4657 si
2150 4580 2323 4680 quid
2361 4582 2628 4657 fecisse·
2656 4579 2830 4655 mihi
2876 4578 3243 4681 contigerit
3279 4579 3371 4655 ad
3407 4580 3668 4680 patriae

996 4728 1031 4765 ιι
1052 4697 1579 4777 universitatum
1638 4700 1852 4778 decus
1870 4759 1891 4792 ,
1956 4702 2478 4802 prosperitatem
2501 4760 2522 4793 ,
2591 4701 2880 4804 gloriam
2935 4701 3328 4803 augendam
3344 4761 3364 4791 ‚
3427 4702 3504 4777 id
3550 4702 3667 4779 de-

990 4846 1025 4887 ιι
1044 4816 1273 4896 bitum
1340 4846 1563 4923 aeque
1628 4848 1709 4899 ac
1762 4822 1965 4899 dulce
2016 4822 2189 4901 mihi
2234 4823 2538 4902 officium
2583 4822 2796 4899 fuisse
2840 4828 3073 4899 testor.
3174 4820 3393 4899 Vobis
3434 4830 3670 4899 autem
