4766 6034
1844 653 2402 725 ORATIO.
3559 655 3644 721 49

602 865 833 940 braica
896 862 1275 963 antiquitas
1340 862 1745 937 illustretur.
1849 865 2052 940 Quae
2120 870 2354 937 autem
2426 861 2499 937 in
2561 860 2654 935 N.
2717 862 2798 939 Τ.
2854 887 2937 936 eo
2983 868 3342 963 spectant,
3390 884 3647 961 magna

602 1009 767 1059 cura
836 982 1224 1083 colligenda
1286 989 1451 1057 sunt
1510 989 1582 1058 et
1638 1006 1801 1057 cum
1848 982 2001 1057 aliis
2048 982 2361 1057 fontibus
2379 1041 2401 1071 ‚
2470 990 2813 1081 quantum
2853 983 3006 1058 fieri
3048 990 3279 1082 potest
3298 1041 3317 1071 ,
3367 1006 3644 1082 compa-

600 1103 841 1179 randa.
961 1106 1125 1183 Qua
1198 1103 1274 1177 in
1351 1125 1428 1177 re
1494 1102 1585 1176 ad
1647 1102 2097 1201 paraphrases
2166 1102 2574 1177 Chaldaicas
2651 1103 3111 1202 antiquiores,
3189 1101 3648 1175 Philonem

598 1223 1194 1311 Alexandrinum,
1242 1221 1643 1297 Flavium
1695 1245 1973 1320 quoque
2022 1221 2493 1319 Iosephum
2541 1226 2613 1294 et
2650 1221 3069 1321 Apocrypha
3111 1228 3183 1295 et
3221 1219 3647 1313 Rabbinica‚

602 1368 781 1441 quae
859 1342 1039 1417 hanc
1102 1348 1399 1418 aetatem
1461 1340 1803 1429 referunt,
1878 1340 2131 1438 scripta
2180 1365 2545 1439 provocare
2597 1341 2912 1417 sufficiat.
3015 1342 3149 1416 Illa
3209 1341 3398 1415 enim
3443 1339 3650 1414 unica

600 1463 743 1538 fere
763 1520 783 1551 ‚
848 1486 1069 1562 eaque
1136 1462 1347 1537 cheul
1421 1459 1625 1535 exilia
1692 1460 2073 1537 admodum
2136 1468 2303 1535 sunt
2364 1459 2676 1535 subsidia
2694 1518 2713 1547 ,
2768 1485 2808 1534 e
2860 1460 3117 1559 quibus
3168 1461 3392 1560 qualis
3443 1459 3652 1535 fuerit

603 1584 809 1655 Iesu
876 1589 1187 1681 tempore
1254 1604 1430 1680 gens
1501 1580 1791 1655 Iudaica
1860 1580 2230 1655 discamus.
2354 1580 2690 1655 Attamen
2759 1580 2983 1655 multa
3049 1580 3214 1655 inde
3266 1580 3654 1656 etiamnum

604 1702 751 1801 peti
790 1726 993 1800 posse
1041 1701 1135 1778 ad
1176 1700 1417 1801 populi
1461 1700 1823 1799 ingenium
1866 1699 2398 1788 illustrandum,
2465 1700 2576 1774 vel
2639 1725 2744 1774 ex.
2784 1700 2994 1774 unius
3038 1700 3651 1793 Philonis‚scri-

607 1821 746 1920 ptis
765 1879 785 1909 ,
837 1845 1018 1919 quae
1064 1820 1205 1895 iam
1251 1844 1507 1921 magno
1550 1844 1714 1895 cum
1767 1820 2001 1895 fructu
2043 1821 2117 1895 in
2158 1844 2369 1895 usum
2412 1820 2602 1895 fuere
2643 1820 2957 1895 adhibita
2980 1880 2999 1909 ,
3048 1820 3436 1896 luculenter
3461 1828 3655 1919 patet

608 1950 678 2015 et
734 1948 993 2015 norunt
1054 1941 1303 2015 harum
1363 1964 1597 2015 rerum
1661 1940 1865 2039 periti
1936 1964 2198 2013 omnes.
2301 1938 2443 2013 Sed
2488 1940 2656 2015 haec
2707 1941 3092 2016 accuratius
3141 1965 3480 2039 exponere
3528 1965 3655 2015 nec

606 2085 843 2135 meum
912 2069 1054 2149 est,
1123 2084 1349 2157 neque
1417 2059 1629 2134 huius
1694 2060 1860 2135 loci·
1931 2060 2090 2134 nolo
2144 2083 2309 2157 ergo
2355 2059 2681 2134 diutius
2659 2086 2734 2134 in
2782 2061 3216 2160 antiquitatis
3265 2060 3654 2137 Hebraicae

608 2180 822 2255 studii
864 2180 1129 2255 ratione
1172 2178 1582 2278 exponenda
1620 2180 1909 2268 versari3
1960 2179 2053 2254 ad
2093 2180 2381 2254 alteram
2425 2200 2715 2279 propero
2753 2181 3080 2255 orationis
3122 2188 3430 2295 partem,
3478 2206 3657 2279 quae

538 2321 549 2329 ·
607 2300 779 2399 quid
844 2299 1011 2374 inde
1085 2300 1391 2373 lucretur
1458 2298 1824 2397 theologus
1894 2278 2372 2384 Christianus,
2441 2297 2963 2373 demonstrabit.
3068 2301 3232 2378 Qua
3297 2299 3372 2373 in
3441 2324 3516 2374 re
3579 2307 3659 2373 ut

607 2418 847 2493 ordine
916 2418 1324 2518 procedam,
1392 2420 1467 2493 in
1528 2443 1739 2494 usum
1806 2441 2045 2491 meum
2094 2424 2414 2493 converto
2463 2416 2702 2491 tritam
2751 2417 2943 2491 illam
2989 2417 3376 2517 theologiae
3426 2417 3658 2492 divisi·

607 2563 809 2613 onem
880 2537 955 2612 in
1030 2544 1172 2612 tres
1238 2546 1470 2637 partes
1489 2596 1511 2626 ,
1582 2536 1976 2613 historicam
1998 2594 2018 2625 ‚
2094 2537 2609 2635 systematicam
2633 2596 2654 2626 ‚
2723 2537 3094 2635 practicam
3120 2597 3141 2627 ‚
3217 2562 3396 2637 quae
3415 2598 3435 2628 ,
3501 2538 3660 2612 licet

610 2682 746 2733 non
794 2659 883 2733 ab
934 2657 1263 2734 omnibus
1310 2657 1761 2758 comprobata
1810 2656 1935 2745 sit,
1987 2656 2255 2732 nemini
2303 2664 2540 2731 tamen
2589 2680 3010 2755 magnopere
3055 2656 3470 2757 displicebit.

708 2901 807 2975 II.
910 2902 999 2974 In
1051 2902 1431 3001 Theologia
1474 2900 1799 2976 historica
1843 2900 2148 3001 primum
2200 2902 2433 2976 locum
2481 2924 2608 2974 suo
2653 2898 2802 2974 iure
2857 2900 2993 2973 sibi
3042 2899 3344 3017 vindicat
3401 2901 3494 2974 N.
3532 2900 3663 2973 Te-

614 3021 940 3095 stamenti
1020 3021 1493 3123 interpretatio
1512 3082 1533 3112 ,
1613 3046 1825 3120 quam
1894 3023 2073 3097 tanti
2140 3048 2183 3097 a
2250 3021 2603 3097 nonnullis
2653 3019 2905 3095 factam
2957 3045 3105 3094 esse
3156 3021 3470 3094 videmus
3490 3078 3511 3108 ,
3584 3027 3666 3092 ut

617 3127 1005 3226 universam
1082 3167 1165 3217 ea
1230 3142 1568 3218 contineri
1639 3149 1996 3216 censerent
2064 3141 2523 3240 theologiam3
2571 3140 2780 3252 :quod
2833 3141 2966 3214 etsi
3017 3139 3316 3222 nimium
3369 3145 3476 3212 est
3493 3191 3514 3229 ‚
3565 3139 3665 3212 rei
3793 3165 3806 3174 ·

616 3268 852 3333 tamen
916 3269 1348 3336 momentum
1418 3261 1628 3337 simul
1700 3272 1772 3335 et
1838 3261 2248 3360 gravitatem
2310 3285 2554 3335 omnes
2619 3266 3030 3359 agnoscunt.
3131 3257 3666 3357 Interpretanda

615 3379 807 3455 enim
876 3389 1039 3455 sunt
1094 3382 1349 3480 scripta
1372 3442 1391 3469 ‚
1454 3407 1633 3481 quae
1693 3381 2069 3457 maximam
2127 3382 2202 3456 in
2260 3388 2492 3456 totum
2536 3380 2786 3456 orbem'
2825 3379 3302 3454 Christianum
3349 3385 3668 3452 exercent

614 3499 1085 3575 efficacitatem
1103 3558 1124 3589 ,
1174 3526 1353 3600 quae
1398 3525 1539 3575 non
1581 3501 1785 3575 nobis
1824 3502 1946 3576 sed
1988 3500 2395 3575 hominibus
2443 3501 2569 3575 diu
2605 3508 2808 3575 antea
2849 3499 3242 3574 viventibus
3285 3497 3628 3573 destinata
3646 3557 3666 3586 ,

614 3619 837 3694 multa
902 3619 1259 3696 continent
1331 3629 1483 3695 tum
1552 3621 1836 3720 quidem
1910 3621 2093 3696 clara
2164 3629 2236 3695 et
2284 3621 2648 3720 perspicua
2668 3678 2687 3708 ,
2753 3644 2942 3693 nunc
2989 3643 3148 3692 vero
3193 3619 3545 3694 recondita
3597 3627 3670 3693 et
3745 3667 3753 3674 ·

613 3740 935 3815 abstrusa
949 3774 968 3828 ;
1042 3765 1219 3838 quae
1287 3741 1589 3842 denique
1658 3741 2044 3840 conscripta
2120 3749 2287 3817 sunt
2344 3742 2637 3816 dialecto
2704 3741 2845 3816 iam
2907 3740 3176 3815 dudum
3231 3748 3544 3814 emortua
3599 3747 3670 3812 et

614 3859 816 3936 cuius
885 3861 1208 3959 pauciora
1278 3869 1651 3960 supersunt
1721 3870 2193 3936 monumenta.
2295 3861 2770 3936 Grammatica
2822 3885 2987 3960 ergo
3037 3860 3402 3935 verborum
3453 3859 3668 3958 expli-

616 3980 795 4054 catio
845 3979 983 4054 iam
1036 3979 1272 4054 statim
1326 3981 1517 4054 haud
1568 4005 1777 4082 parva
1824 3981 2227 4056 difficultate
2276 3981 2578 4055 laborat:
2633 4005 2859 4055 sermo
2902 3980 3088 4054 enim
3131 3981 3438 4054 Graecus
3460 4037 3479 4066 ,
3529 4003 3670 4076 quo

622 4097 731 4172 usi
788 4110 954 4172 sunt
1010 4099 1108 4174 N.
1179 4099 1607 4174 Testamenti
1663 4099 2025 4198 scriptores
2045 4157 2065 4188 ‚
2114 4101 2289 4175 adeo
2332 4128 2374 4175 a
2417 4101 2708 4200 pristina
2753 4100 3142 4173 sinceritate
3192 4099 3632 4197 degeneravit
3649 4157 3667 4185 ,

620 4225 703 4291 ut
761 4217 887 4316 qui
939 4219 1335 4292 Atticorum
1390 4219 1772 4318 elegantiae
1814 4219 2074 4293 assueti
2128 4228 2331 4308 sunt,
2385 4221 2446 4295 si
2497 4221 2671 4294 forte
2724 4220 2798 4293 in
2861 4213 2954 4292 N.
3018 4219 3096 4293 Τ.
3165 4217 3513 4303 incidant,
3563 4217 3668 4289 di-

622 4334 923 4410 ctionem
1008 4335 1158 4408 cius
1221 4337 1559 4411 Graecam
1626 4361 1775 4411 esse
1840 4337 1955 4410 vix
2018 4338 2422 4414 concedant.
2524 4339 2739 4417 Quod
2788 4335 3137 4437 quomodo
3185 4336 3277 4409 sit
3323 4333 3668 4432 explican-

625 4454 797 4528 dum
820 4511 841 4542 ‚
889 4453 1241 4528 neminem
1287 4455 1490 4529 latet:
1541 4481 1798 4554 paucos
1846 4457 2033 4532 enim
2088 4457 2149 4531 si
2202 4458 2624 4556 excipimus,
2674 4457 2833 4532 libri
2882 4457 2998 4531 isti
3041 4456 3129 4530 ab
3174 4454 3262 4529 iis
3299 4455 3668 4555 conscripti

629 4580 791 4646 sunt
861 4572 1259 4647 hominibus
1280 4625 1301 4663 ‚
1364 4575 1487 4672 qui
1542 4575 1705 4649 usui
1751 4574 2029 4675 linguae
2082 4576 2469 4652 Hebraicae
2495 4636 2514 4665 ,
2565 4602 2691 4651 seu
2735 4563 2969 4676 potius
3022 4576 3668 4652 Hebraeo-Arama-

630 4692 811 4780 icae,
880 4715 925 4766 a
990 4692 1225 4790 pueris
1290 4693 1456 4766 inde
1518 4694 1926 4783 assuefacti,
1994 4698 2339 4770 Graecum
2393 4721 2779 4771 sermonem
2830 4723 2916 4771 ex
2976 4697 3339 4772 hominum
3384 4696 3668 4794 quidem

635 4811 891 4887 Graece
969 4811 1403 4911 loquentium
1473 4815 1972 4889 consuetudine
1989 4874 2012 4907 ‚
2089 4821 2398 4891 attamen
2479 4815 2695 4891 serius
2771 4816 3263 4893 addidicerant.
3390 4816 3670 4913 Duplex

1478 4941 1487 4948 ’
3240 4941 3283 5012 7
