4766 6034
1021 633 1110 699 84
2215 633 2293 698 Η.
2363 631 2435 696 Ε.
2506 631 2850 698 VINKE

1021 841 1177 916 Deo
1196 897 1217 929 ,
1266 839 1354 914 de
1399 839 1760 936 utriusque
1809 838 2160 913 voluntate
2205 837 2280 912 in
2319 839 2698 938 Evangelio
2742 837 3165 912 traduntur?
3230 835 3597 912 Eiusmodi
3632 837 3889 913 fiducia
3922 860 4057 912 nec

1022 985 1184 1038 cum
1233 967 1479 1035 natura
1527 967 1795 1046 nostra,
1845 958 2108 1034 ratione
2149 958 2500 1056 praedita,
2549 959 2976 1044 conveniret,
3014 964 3086 1031 et
3122 981 3325 1032 coeca
3360 965 3573 1056 atque
3618 958 3831 1034 stulta
3868 965 4065 1032 esset

1024 1079 1334 1154 dicenda.
1407 1078 1908 1179 complectitur
1939 1079 2156 1180 igitur
2191 1079 2366 1153 fides
2383 1138 2404 1167 ,
2456 1081 2543 1154 de
2582 1104 2721 1177 qua
2754 1079 3030 1178 agimus
3048 1136 3069 1165 ,
3118 1083 3348 1151 totum
3384 1077 3733 1154 hominem
3754 1136 3774 1166 ,
3814 1102 4061 1153 omnes

1023 1199 1278 1274 mentis
1347 1199 1699 1298 animique
1719 1257 1740 1287 ,
1805 1198 2064 1298 quibus
2121 1197 2382 1298 gaudet
2398 1257 2418 1286 ,
2488 1198 2685 1272 dotes
2704 1256 2724 1286 ,
2790 1196 3225 1296 intelligendi
3243 1253 3263 1284 ,
3333 1197 3677 1272 sentiendi
3695 1257 3717 1286 ,
3782 1197 4065 1272 volendi

1023 1319 1443 1394 facultatem.
1546 1319 1694 1398 Qui
1739 1318 2116 1419 Evangelio
2162 1318 2382 1393 credit
2401 1375 2421 1406 ,
2470 1344 2595 1418 pro
2644 1311 2802 1392 iero
2844 1318 3020 1392 illud
3068 1315 3318 1404 habet,
3366 1341 3495 1392 nec
3538 1343 3665 1416 pro
3706 1342 3862 1392 vero
3902 1325 4061 1392 tan·

1025 1447 1180 1514 tum
1229 1438 1440 1514 habet
1460 1496 1480 1525 ,
1531 1439 1656 1512 sed
1705 1439 1916 1513 sentit
1959 1438 2164 1513 etiam
2183 1495 2203 1524 ,
2255 1462 2328 1511 se
2381 1437 2513 1512 hoc
2562 1437 2940 1537 Evangelio
2978 1437 3325 1539 indigere,
3372 1438 3587 1540 sentit
3622 1437 3831 1514 etiam
3876 1437 4065 1512 salu-

1026 1564 1246 1632 tarem
1313 1557 1466 1632 eius
1529 1558 1669 1631 vim
1733 1565 1803 1631 et
1861 1558 2332 1633 efficacitatem
2353 1617 2374 1646 ,
2441 1560 2537 1633 ita
2588 1568 2671 1633 ut
2721 1558 3039 1633 voluntas
3084 1558 3235 1666 eius
3279 1558 3598 1633 flectatur
3638 1559 3731 1632 ad
3780 1581 4069 1632 omnem

1029 1703 1228 1752 suam
1281 1677 1610 1752 fiduciam
1661 1677 1734 1750 in
1782 1678 2136 1776 promissis
2173 1677 2324 1752 eius
2361 1677 2827 1778 reponendam
2849 1736 2869 1766 ,
2918 1678 3271 1777 vitamque
3307 1703 3509 1754 suam
3546 1679 3639 1752 ad
3676 1679 3827 1752 eius
3866 1701 4067 1776 prae-

1023 1806 1225 1897 cepta
1298 1796 1816 1871 instituendam.
1921 1797 2068 1875 Qui
2139 1798 2471 1872 Cmus'ro
2533 1798 2787 1887 credit,
2860 1798 3070 1873 talem
3138 1822 3304 1872 eum
3370 1797 3625 1887 habet,
3692 1798 3917 1898 qualis
3986 1797 4069 1870 in

1027 1917 1407 2016 Evangelio
1461 1916 1907 2004 describitur,
1974 1918 2098 1991 sed
2148 1917 2358 1992 sentit
2402 1919 2614 1994 etiam
2635 1977 2655 2006 ,
2724 1919 2855 1993 hoc
2900 1918 3405 1992 Conservatore
3456 1918 3594 1992 sibi
3638 1943 3815 2017 opus
3867 1943 4021 1992 esse
4046 1975 4073 2006 ‚

1031 2039 1104 2110 in
1161 2063 1244 2112 eo
1289 2037 1522 2111 omnia
1567 2037 1893 2125 inveniri,
1944 2037 2202 2138 quibus
2233 2037 2326 2112 ad
2365 2038 2665 2114 salutem
2706 2061 2939 2112 veram
2982 2045 3474 2135 aeternamque
3508 2037 4075 2136 consequendam

1031 2157 1381 2256 indigeat,
1453 2165 1664 2255 atque
1727 2157 1826 2230 ita
1886 2181 1961 2232 se
2005 2157 2070 2230 ei
2123 2158 2409 2232 confidit
2424 2217 2443 2246 ,
2504 2165 2730 2233 totum
2782 2183 2857 2232 se
2906 2159 2974 2232 ei
3019 2157 3269 2245 tradit,
3334 2157 3855 2256 arctissimoque
3902 2181 4079 2232 cum

1033 2279 1152 2352 illo
1193 2278 1475 2351 iunctus
1517 2276 1828 2365 vinculo,
1883 2275 2122 2352 eodem
2145 2336 2168 2368 ,
2217 2303 2358 2376 quo
2398 2278 2555 2368 ille,
2605 2277 2871 2376 Spiritu
2906 2277 3248 2352 imbuitur
3290 2285 3363 2352 et
3406 2278 3657 2376 agitur.
3732 2279 3881 2356 Qui
3916 2280 4081 2354 Deo

1035 2396 1254 2471 credit
1272 2454 1293 2486 ,
1343 2396 1818 2471 testimonium
1838 2456 1860 2485 ,
1909 2397 2102 2496 quod
2146 2399 2309 2497 Ipse
2365 2397 2775 2473 testificatus
2822 2405 2931 2472 est
2978 2398 3065 2472 de
3118 2423 3245 2472 sua
3296 2422 3461 2497 erga
3502 2423 3630 2472 nos
3676 2399 4027 2473 voluntate
4056 2457 4081 2485 ,

1031 2519 1104 2592 in
1173 2518 1507 2592 Cnals'ro
1557 2517 1959 2615 praesertim
2011 2517 2349 2616 patefacta
2366 2577 2389 2608 ,
2455 2526 2527 2592 et
2580 2543 2707 2618 per
2762 2517 3219 2617 Evangelium
3268 2518 3634 2594 nobiscum
3686 2519 4079 2594 communi-

1033 2645 1188 2711 cata
1203 2696 1225 2727 ,
1274 2635 1735 2711 certissimum
1779 2635 1990 2712 habet
2012 2695 2032 2726 ,
2085 2639 2208 2713 sed
2243 2639 2458 2714 sentit
2493 2639 2705 2714 etiam
2725 2697 2745 2728 ,
2792 2642 3231 2738 peccatorum
3273 2637 3672 2714 remissione
3716 2639 3854 2714 sibi
3892 2663 4083 2736 opus

1037 2781 1190 2830 esse
1205 2813 1226 2845 ,
1275 2756 1490 2830 sentit
1521 2756 1732 2831 etiam
1749 2816 1771 2845 ,
1813 2765 2074 2856 quanto
2107 2759 2302 2833 Deus
2337 2759 2573 2860 ipsum
2599 2767 3005 2858 prosecutus
3037 2759 3130 2833 sit
3162 2783 3394 2834 amore
3410 2816 3430 2846 ,
3468 2766 3542 2833 et
3574 2784 3789 2858 quam
3816 2759 4083 2858 dignus

1037 2875 1168 2950 Ille
1221 2875 1354 2965 sit,
1404 2876 1477 2950 in
1529 2900 1669 2974 quo
1715 2901 1996 2954 omnem
2041 2903 2241 2953 suam
2285 2879 2614 2955 fiduciam
2653 2885 2970 2979 reponat;
3020 2885 3387 2977 totumque
3430 2903 3505 2956 se
3548 2880 3637 2954 Ei
3668 2879 3925 2969 tradit,
3967 2888 4083 2967 et,

1035 3002 1118 3071 ut
1165 2996 1352 3072 filius
1395 3022 1559 3073 cum
1599 3003 1794 3096 patre
1809 3057 1830 3086 ,
1881 2997 1980 3074 sic
2019 2998 2405 3075 arctissimo
2452 3025 2615 3077 cum
2658 3001 2813 3077 Deo
2859 2999 3191 3100 iungitur.
3228 2995 3503 3075 vinculo
3525 3059 3547 3088 ,
3606 2999 3708 3077 ita
3756 3007 3835 3075 ut
3882 2999 4083 3075 idem

1040 3102 1271 3218 atque·
1295 3119 1426 3193 Ille
1493 3118 1657 3194 velit
1677 3179 1699 3208 ,
1765 3126 2124 3219 totamque
2169 3146 2368 3197 suam
2412 3122 2627 3197 vitam
2668 3122 2759 3198 ad
2804 3120 3007 3197 Illius
3052 3118 3479 3194 voluntatem
3526 3120 3601 3196 in
3652 3120 3805 3195 dies
3848 3121 4089 3220 magis

1035 3238 1400 3339 magisque
1463 3264 1871 3340 componere
1945 3242 2242 3317 studeat.
2352 3241 2583 3317 Iidem
2648 3251 2879 3318 tamen
2950 3239 3435 3317 contendimus
3454 3299 3475 3328 ,
3544 3230 3927 3341 principem
4003 3251 4087 3317 et

1031 3359 1382 3459 propriam
1429 3358 1596 3435 fidei
1641 3360 2074 3437 Christianae
2126 3362 2365 3437 sedem
2416 3385 2567 3435 esse
2612 3362 2687 3436 in
2744 3362 2996 3438 animo.
3096 3360 3313 3440 Quod
3366 3359 3645 3439 abunde
3690 3368 3885 3461 patet
3914 3366 4085 3459 pri-

1033 3505 1204 3553 mum
1271 3505 1356 3553 ex
1412 3480 1564 3578 ipso
1611 3481 1775 3555 fidei
1815 3482 2086 3558 obiecto
2104 3540 2124 3571 ,
2193 3482 2453 3580 quippe
2507 3481 2697 3579 quod
2752 3480 3094 3556 eiusmodi
3140 3479 3271 3569 sit,
3335 3488 3419 3554 ut
3460 3482 3637 3556 fides
3682 3481 3787 3555 illi
3838 3479 4088 3555 habita

1035 3622 1178 3671 non
1225 3622 1368 3671 una
1407 3599 1663 3673 mentis
1713 3603 2155 3699 persuasione
2198 3601 2594 3676 absolvatur
2612 3659 2633 3689 ,
2700 3601 2824 3676 sed
2874 3601 3203 3677 fiduciam
3260 3601 3469 3675 etiam
3490 3658 3511 3690 ,
3578 3609 3651 3675 et
3695 3602 3873 3676 hane
3914 3601 4083 3699 qui·
4204 3620 4233 3642 ⁶

1039 3718 1204 3791 dem
1251 3718 1652 3815 praesertim
1699 3721 2022 3827 requirat.
2123 3720 2454 3795 Continet
2495 3720 2682 3795 enim
2732 3720 3067 3795 nuncium
3114 3720 3491 3796 salutarem
3512 3777 3533 3809 ,
3581 3722 3917 3819 promissa
3967 3720 4082 3793 di-

1037 3836 1299 3910 vinitus
1345 3836 1546 3911 nobis
1589 3838 1805 3928 facta,
1857 3839 2381 3915 declarationem
2425 3840 2563 3915 Dei
2595 3841 3049 3939 Cnmanue
3092 3866 3257 3941 erga
3290 3867 3421 3916 nos
3454 3843 3727 3917 amoris.
3792 3844 4081 3941 Spectat

1038 3958 1602 4031 Conservatorem
1628 4015 1649 4047 ,
1718 3960 1842 4058 qui
1912 3961 2052 4035 vita
2110 3968 2391 4036 aeterna
2446 3960 2909 4060 omnibusque
2926 4019 2949 4050 ‚
3012 3985 3190 4059 quae
3254 3961 3405 4061 ipse
3458 3962 3803 4063 possidet,
3868 3961 4083 4037 bonis

1037 4101 1166 4151 nos
1211 4076 1467 4153 donare
1513 4078 1694 4153 velit.
1769 4070 2106 4157 Patefacit
2152 4083 2391 4156 Deum
2436 4080 2847 4156 benevolum
2866 4139 2886 4169 ,
2934 4080 3029 4157 ad
3068 4080 3487 4157 remittenda
3522 4089 3803 4181 peccata
3834 4090 4083 4157 nostra

1029 4196 1396 4297 proclivem
1425 4256 1445 4286 ,
1493 4198 1776 4274 Patrem
1819 4200 2461 4291 clementissimum.
2561 4202 2765 4279 Quae
2809 4200 3045 4275 omnia
3084 4202 3427 4277 eiusmodi
3474 4211 3640 4277 sunt
3658 4260 3679 4289 ,
3730 4210 3809 4277 ut
3844 4202 3905 4276 is
3946 4201 4075 4277 de-

1029 4343 1226 4395 mum
1277 4342 1434 4393 vere
1481 4319 1758 4395 credere
1803 4322 1892 4397 iis
1944 4322 2080 4397 dici
2123 4323 2381 4422 possit,
2448 4321 2573 4421 qui
2630 4321 2799 4396 haee
2851 4321 3035 4397 bona
3090 4321 3435 4401 desideret
3454 4381 3477 4413 ,
3524 4324 3861 4424 cuiusque
3918 4321 4075 4396 ani·

1025 4464 1186 4513 mus
1238 4438 1496 4513 fiducia
1546 4439 1638 4513 sit
1683 4440 2032 4540 impletus.
2133 4442 2407 4516 Deinde
2452 4440 2627 4515 fides
2679 4466 2724 4514 a
2773 4442 3105 4517 Cnms'ro
3152 4450 3225 4516 et
3268 4443 3623 4542 Apostolis
3668 4442 3765 4517 ita
3812 4440 4075 4515 descri-

1025 4556 1251 4643 bitur,
1289 4566 1370 4631 ut
1405 4554 1777 4654 cogitanda
1815 4542 1904 4632 sit
1939 4584 2054 4647 ea,
2089 4582 2268 4657 quae
2303 4558 2618 4634 animum
2648 4560 2939 4648 afficiat,
2976 4585 3313 4660 suamque
3348 4564 3493 4639 vim
3524 4563 3598 4637 in
3630 4560 4079 4637 consolandis

1025 4676 1227 4749 nobis
1276 4685 1346 4747 et
1390 4674 1842 4751 emendandis
1882 4677 2269 4777 patefaciat.
2337 4678 2758 4776 Loquuntur
2794 4680 2980 4755 enim
3016 4682 3105 4757 de
3139 4682 3278 4757 fide
3300 4741 3322 4770 ,
3364 4682 3565 4757 cuius
3600 4682 3866 4757 fructus
3896 4690 4079 4755 sunt

1027 4803 1260 4871 nostra
1305 4793 1766 4887 δικαιοσύνη
1817 4822 2044 4875 coram
2092 4799 2248 4873 Deo
2266 4856 2287 4885 ,
2337 4798 2552 4873 animi
2610 4801 3070 4899 tranquillitas
3084 4860 3107 4891 ,
3156 4827 3313 4901 spes
3336 4862 3357 4893 ,
3406 4802 3667 4881 laetitia
3686 4860 3705 4893 ,
3756 4802 3895 4876 vita
3950 4826 4077 4875 ae·-
