4766 6034
1248 595 1377 664 138
1598 593 1613 600 “
2403 595 2481 664 Β.
2546 615 2714 662 ‘rna
2782 593 3144 663 HAAR

1241 805 1459 880 totius
1520 802 1869 878 doctrinae
1930 803 2208 878 moralis
2266 803 2886 902 superstruendum
2951 804 3043 879 sit
3059 862 3080 893 ,
3146 802 3524 878 accuratior
3579 801 3932 880 Historiae
3973 809 4212 907 cognitio

1242 925 1667 1000 tutissimam
1726 924 1925 999 nobis
1986 924 2171 1000 viam
2236 923 2530 1000 muniet.
2629 923 2954 1025 Denique
3003 925 3092 998 de
3137 923 3560 1023 gravissimis
3581 983 3601 1013 ,
3667 950 3848 1025 quae
3891 926 4210 1026 Anthropo-

1240 1045 1497 1145 logiam
1575 1051 1932 1144 spectant,
2018 1043 2544 1143 quaestionibus
2621 1086 2719 1102 —-
2788 1044 2897 1118 uti
2963 1045 3052 1120 de
3128 1043 3344 1119 libero
3413 1043 3714 1120 hominis
3799 1044 4058 1120 arbitrio
4072 1106 4088 1136 ,
4151 1049 4214 1122 de

1238 1173 1487 1241 natura
1530 1165 1795 1263 peccati
1817 1224 1835 1254 ,
1888 1165 1976 1240 de
2028 1165 2424 1240 vitiositatis
2441 1223 2460 1254 ‚
2511 1189 2692 1263 quae
2735 1189 2960 1264 genus
3003 1165 3392 1240 humanum
3441 1164 3752 1240 infecerit
3773 1223 3794 1254 ,
3845 1164 3994 1241 labe
4033 1209 4114 1226 --
4151 1168 4214 1240 de

1241 1286 1501 1385 quibus
1566 1286 1795 1360 adhuc
1866 1287 2000 1361 sub
2068 1286 2296 1361 iudice
2341 1285 2429 1360 lis
2479 1297 2587 1360 est
2631 1331 2735 1346 --
2784 1285 2976 1361 haud
3022 1285 3236 1360 dubie
3280 1309 3364 1360 eo
3407 1287 3680 1362 cautius
3723 1293 3795 1362 et
3840 1287 4050 1361 verius
4081 1288 4215 1362 iudi·

1239 1408 1555 1482 cabimus
1576 1465 1595 1495 ,
1658 1432 1798 1506 quo
1843 1408 2173 1483 maiorem
2226 1415 2438 1506 atque
2487 1407 2884 1482 interiorem
2935 1430 3098 1482 cum
3150 1406 3572 1482 Aneusrnu
3594 1467 3615 1497 ‚
3671 1407 4216 1496 scholasticorum,

1238 1527 1796 1602 Reformatorum
1813 1586 1831 1615 ,
1894 1526 2121 1626 iisque
2169 1525 2793 1601 contradicentium
2837 1524 3382 1600 adversariorum
3433 1527 3704 1627 scriptis
3747 1527 4216 1604 contraxerimus

1238 1646 1796 1724 familiaritatem.
2259 1665 2270 1670 “
3881 1634 3888 1640 ’

1336 1768 1413 1842 Si
1464 1767 1877 1867 Theologiae
1941 1767 2231 1841 Moralis
2292 1791 2452 1866 pars
2500 1766 2875 1842 theoretica
2922 1767 3302 1842 multarum
3351 1767 3713 1865 quaestion
3721 1793 3840 1844 um
3887 1767 4221 1844 difficultate

1240 1889 1579 1988 premitur
1602 1947 1621 1976 ‚
1690 1913 1849 1986 pars
1892 1889 2213 1984 practica
2230 1945 2250 1974 ,
2323 1887 2412 1962 de
2477 1911 2617 1986 qua
2669 1886 2912 1962 itidem
2968 1887 3174 1962 verbo
3219 1887 3573 1987 agendum
3609 1897 3718 1963 cst
3739 1947 3759 1978 ‚
3807 1915 3984 1990 quae
4021 1890 4084 1963 in
4121 1886 4221 1960 sin·

1238 2009 1423 2109 gulis
1485 2009 1783 2082 hominis
1846 2005 2223 2082 Christiani
2287 2006 2529 2082 officiis
2578 2007 3002 2107 exponendis
3055 2016 3389 2095 versatur,
3443 2033 3483 2082 e
3536 2010 3920 2084 multorum
3965 2007 4224 2109 opinione

1238 2131 1458 2204 nimia
1498 2129 1991 2228 perspicuitate
2023 2127 2310 2203 laborat.
2411 2129 2567 2219 Qua
2612 2129 2699 2204 de
2744 2153 2817 2203 re
2864 2129 3006 2204 iam
3060 2154 3188 2204 suo
3233 2137 3544 2227 tempore
3587 2137 3876 2228 questus
3921 2130 4224 2204 Mosarna

1100 2330 1107 2338 ,
1240 2251 1502 2325 multos
1546 2273 1694 2324 esse
1739 2248 1996 2322 tirones
2046 2247 2146 2323 ait
2164 2306 2184 2337 ‚
2254 2248 2378 2348 qui
2427 2256 2571 2323 tam
2622 2250 3019 2324 communia
3067 2256 3140 2324 et
3183 2250 3481 2325 contrita
3526 2275 3714 2339 esse,
3781 2275 3959 2349 quae
4001 2249 4100 2324 hic
4139 2246 4224 2319 do·

1236 2379 1522 2454 ceantur
1539 2429 1560 2459 ,
1628 2378 1709 2444 ut
1752 2369 1843 2444 ad
1884 2395 1965 2444 ea
2006 2368 2450 2469 percipienda
2494 2370 2771 2445 doctore
2809 2369 2987 2445 nihil
3028 2395 3206 2469 opus
3259 2370 3349 2445 sit
3365 2403 3386 2460 ;
3451 2379 3526 2445 at
3547 2429 3566 2458 ‚
3633 2369 3952 2468 quamvis
3996 2377 4062 2444 et
4095 2369 4227 2442 hanc

1233 2493 1630 2592 opinionem
1674 2489 1921 2566 falsam
1968 2515 2121 2564 esse
2172 2514 2415 2565 omnes
2453 2497 2756 2578 norunt,
2821 2491 2946 2589 qui
2993 2497 3302 2567 nostram
3349 2490 3787 2591 disciplinam
3828 2514 3970 2565 non
4009 2497 4227 2564 tantum

1236 2614 1325 2687 de
1380 2613 1621 2688 limine
1690 2611 2182 2700 salutaverint,
2256 2611 2381 2685 sed
2451 2612 2658 2711 paulo
2715 2611 3008 2686 interius
3068 2610 3584 2711 perspexerint3
3655 2611 4004 2709 quomodo
4046 2617 4226 2684 tamen

1237 2733 1622 2808 cavendum
1641 2791 1661 2821 ,
1727 2745 1815 2806 n'e
1862 2732 2428 2831 gravissimorum
2476 2732 2858 2807 officiorum
2905 2755 3186 2831 prorsus
3229 2731 3613 2808 necessaria
3657 2731 3994 2831 expositio
4007 2789 4027 2819 ‚
4072 2728 4228 2804 eitius

1239 2877 1453 2950 quam
1515 2877 1643 2951 par
1710 2859 1851 2942 est,
1912 2878 1952 2926 e
2016 2853 2424 2928 lassitudine
2486 2851 2797 2927 taedium
2863 2851 3106 2951 pariat.
3209 2853 3303 2927 Et
3372 2853 3486 2928 hic
3553 2853 3644 2928 ad
3705 2851 4081 2926 Historiam
4131 2849 4226 2922 Ec·

1234 2974 1687 3051 clesiasticam
1751 2974 2269 3075 provocandum
2328 2981 2404 3049 et
2469 2971 2964 3073 refugiendum
3021 2997 3172 3051 esse
3220 2973 3540 3050 existimo
3556 2966 3614 3063 ,’
3643 2997 3824 3073 quae
3885 2996 4040 3047 auos
4073 2964 4228 3045 nobis

1232 3096 1545 3171 recludat
1613 3096 1972 3171 thesauros
1992 3156 2013 3185 ‚
2096 3119 2396 3195 quorum
2454 3118 2586 3193 ope
2646 3093 3018 3194 Euangelii
3079 3102 3444 3195 praecepta
3507 3094 3720 3171 ubera
3781 3088 4226 3193 praestantissi-

1230 3240 1504 3291 morum
1590 3215 2066 3317 exemplorum
2144 3214 2345 3315 eopia
2413 3223 2836 3289 exornentur
2897 3222 3109 3315 atque
3174 3216 3630 3291 illustrentur.
3750 3214 4008 3306 Quidni
4066 3212 4226 3287 etiam

1230 3338 1438 3435 prisci
1497 3338 1648 3411 aevi
1716 3337 2128 3436 scriptorum
2178 3336 2615 3425 testimonia,
2681 3335 2930 3433 quidni
2974 3337 3350 3412 Poetarum
3403 3335 4224 3429 (Paunnnm11,130‹·÷·mn‚

1228 3456 2261 3551 Fonrnnar1,Avrr1),ubi
2314 3456 2602 3533 moralia
2661 3463 3002 3546 tractant,
3071 3480 3310 3532 vocem
3366 3455 3787 3531 audiamus?
3859 3455 3973 3531 Sic
4021 3454 4222 3527 mirum

1234 3577 1308 3651 in
1370 3578 1659 3651 modum
1716 3602 1951 3653 rerum
2008 3577 2403 3652 ubertatem
2465 3584 2537 3651 et
2592 3576 2996 3653 varietatem
3059 3601 3440 3653 accrescere
3495 3575 3929 3665 videbimus,
3985 3582 4050 3647 et
4085 3571 4222 3645 forte

1236 3721 1508 3796 sperare
1572 3697 1774 3787 licet,
1838 3696 1982 3772 fore
2052 3705 2135 3773 ut
2197 3697 2622 3797 Theologiae
2690 3696 2980 3772 Moralis
3045 3722 3206 3796 pars
3269 3696 3572 3796 practica
3638 3704 3712 3771 et
3766 3696 3896 3785 iis,
3963 3694 4072 3793 qui
4120 3688 4232 3763 ini-.

1235 3816 1445 3915 quius
1489 3817 1578 3891 de
1624 3816 1743 3891 illa
1782 3816 2133 3907 iudicent,
2182 3841 2632 3919 nequaquam
2683 3818 2920 3893 nudus
2961 3826 3173 3916 atque
3224 3818 3460 3892 aridus
3496 3818 3724 3906 locus,
3775 3818 3902 3893 sed
3937 3811 4217 3891 amoenior

1232 3938 1345 4012 hic
1418 3946 1489 4012 et
1555 3937 1693 4012 illic
1762 3937 2071 4013 venustis
2136 3937 2594 4038 Eloquentiae
2657 3940 2767 4014 vel
2819 3939 3119 4015 Ροόεθοε
3178 3937 3466 4013 fioribus
3511 3936 3742 4039 pictus
3791 3947 3867 4013 et
3915 3934 4212 4011 distinctus

1231 4082 1399 4157 ager
1440 4058 1779 4137 videatur.

1331 4181 1473 4254 Sed
1548 4179 1771 4279 qualis
1842 4185 1913 4254 et
1968 4186 2273 4277 quantus
2332 4179 2686 4255 Historiae
2747 4179 3268 4255 Ecclesiastic'ae
3310 4178 3384 4253 in
3436 4178 3814 4278 Theologia
3859 4172 4084 4253 Morali
4119 4194 4206 4243 ex·

1231 4296 1554 4399 plicanda
1614 4298 1706 4372 sit
1744 4318 1937 4374 'usus
1953 4357 1974 4389 ‚
2043 4299 2119 4373 id
2190 4299 2442 4374 clarius
2499 4300 2710 4374 etiam
2769 4300 2994 4375 elucet
3045 4301 3120 4374 in
3174 4305 3369 4399 parte
3431 4302 3724 4375 ascetica
3741 4357 3762 4387 ‚
3829 4322 4000 4398 quae
4053 4288 4205 4367 nobis

1230 4418 1536 4494 ostendit
1553 4478 1573 4507 ,
1649 4442 1791 4518 qua
1862 4418 1973 4493 via
2044 4425 2115 4493 et
2184 4418 2450 4494 ratione
2472 4477 2492 4508 ‚
2571 4416 2996 4517 quibusnam
3055 4418 3498 4495 adminiculis
3547 4419 3620 4493 in
3671 4419 4074 4519 propositam
4107 4406 4206 4485 sibi

1230 4539 1719 4638 perfectionem
1774 4538 2109 4615 moralem
2176 4539 2439 4613 Christi
2501 4546 2799 4615 sectator
2861 4539 3149 4616 feliciter
3191 4530 3528 4629 enitatur3
3581 4563 3925 4639 quaenam
3965 4531 4205 4613 maxime

1232 4658 1730 4759 impedimenta
1772 4659 2047 4735 virtutis
2084 4666 2156 4735 et
2192 4660 2371 4735 vitae
2409 4684 2564 4735 vere
2605 4658 3040 4736 Christianae
3079 4662 3360 4736 obstent
3395 4659 3878 4749 incrementis;
3925 4673 4205 4759 quaenam

1236 4778 1453 4853 cuivis
1468 4836 1488 4867 ,
1548 4777 1638 4854 de
1698 4780 1915 4855 animi
1968 4780 2188 4857 salute
2241 4779 2532 4855 sollicito
2549 4839 2570 4873 ,
2632 4779 3299 4881 similitudinemque
3352 4782 3491 4859 Dei
3541 4789 3615 4857 et
3657 4780 3916 4856 Christi
3957 4776 4073 4877 piis
4117 4793 4202 4844 ευ·
