4766 6034
1106 604 1235 673 150
2233 613 2311 680 G.
2381 615 3014 682 J.MULDER

1102 814 1415 892 unanimi
1485 839 1693 892 sensu
1744 817 2129 918 juravimus
2188 845 2428 899 omnes
2450 882 2472 914 ,
2531 849 2659 924 pro
2715 824 2950 900 Patria
3013 829 3086 896 et
3131 823 3327 922 Rege
3375 822 3706 898 devovere
3759 845 3889 901 nos
3935 847 4128 923 para-

1107 943 1211 1011 tos
1252 959 1422 1014 esse.
4059 939 4070 948 ’

1200 1059 1374 1132 Mox
1432 1058 1728 1158 parietes
1793 1068 2116 1137 resonant
2174 1062 2354 1138 laeto
2412 1063 2751 1164 juvenum
2813 1073 3060 1141 cantu:
3142 1091 3178 1132 n
3199 1062 3380 1137 salve
3447 1062 3777 1164 Princeps
3797 1121 3820 1152 ,
3881 1063 4133 1138 iterum

1105 1177 1286 1252 salve
1304 1179 1369 1252 !’'
1485 1179 1604 1254 Ad
1644 1203 1854 1279 quem
1900 1190 2185 1258 cantum
2234 1184 2392 1284 quis
2433 1191 2584 1262 tam
2632 1186 2850 1261 durus
2869 1244 2891 1276 ‚
2939 1193 3087 1260 tam
3135 1183 3396 1258 ferreus
3443 1181 3579 1257 fuit
3601 1241 3622 1272 ,
3672 1181 3844 1283 quin
3889 1183 4132 1259 intimo

1101 1307 1375 1398 pectore
1435 1307 1978 1376 commoveretur
1999 1361 2019 1390 ,
2086 1305 2257 1402 quin
2318 1305 2642 1381 omnibus
2701 1306 3032 1382 membris
3097 1312 3309 1404 atque
3373 1303 3666 1398 artubus
3731 1305 4130 1380 contremis-

1104 1419 1336 1492 ceret?
1414 1417 1672 1492 Cantui
1736 1443 2059 1496 coronam
2126 1422 2423 1523 imponit
2482 1424 2659 1500 festa
2728 1424 3163 1501 acclamatio:
3267 1426 3349 1498 Io
3367 1481 3389 1513 ‚
3459 1423 3653 1498 Rex!
3723 1424 3906 1499 vivat
3927 1483 3948 1517 ‚
4015 1425 4130 1498 Io!

1100 1537 1373 1612 Exinde
1419 1537 1673 1613 iterum
1722 1540 2096 1614 silentium.

1202 1659 1359 1733 Rex
1428 1667 1816 1734 commotus
1880 1661 2116 1736 animo
2136 1718 2157 1750 ,
2208 1669 2289 1738 ut
2340 1663 2454 1738 vix
2505 1663 2838 1764 lacrymas
2887 1672 3187 1754 teneret,
3236 1662 3584 1764 procedit,
3631 1668 3909 1738 coetum
3955 1684 4138 1738 com-

1101 1778 1314 1878 pellat
1334 1835 1355 1867 ,
1403 1787 1475 1853 et
1516 1779 1813 1867 candido
1850 1805 1967 1855 ore
2012 1805 2139 1880 pro
2189 1789 2413 1859 vestra
2453 1783 2768 1860 omnium
2809 1793 2880 1860 et
2920 1785 3352 1885 singulorum
3407 1783 3630 1858 salute
3671 1781 3936 1881 optima
3981 1789 4137 1856 vota

1102 1897 1355 1975 fundit.

1198 2020 1410 2094 Nunc
1476 2019 1678 2094 effusi
1746 2021 2059 2097 omnium
2108 2024 2361 2112 animi,
2426 2024 2663 2100 nullus
2701 2024 3117 2100 clamoribus
3164 2030 3238 2097 et
3280 2022 3644 2122 plausibus
3683 2021 3972 2109 modus3
4021 2043 4140 2118 pa-

1101 2137 1307 2212 rietes
1355 2145 1678 2212 resonant
1726 2138 2009 2213 vocibus
2054 2141 2554 2240 gratulantium
2575 2202 2595 2231 ,
2653 2142 2828 2218 dum
2878 2143 3036 2217 Rex
3089 2142 3461 2218 sacrarium
3507 2143 3716 2217 hocce
3765 2139 4135 2238 relinquit,

1103 2257 1303 2357 cujus
1353 2283 1657 2333 amorem
1704 2259 1897 2334 nulla
1947 2260 2095 2335 dies
2145 2285 2233 2336 ex
2280 2261 2430 2361 ejus
2477 2263 2709 2339 animo
2761 2261 3026 2338 evellet.
3124 2261 3341 2337 Nulla
3395 2261 3546 2336 dies
3589 2258 3954 2358 extinguet
3997 2279 4142 2332 me·

1099 2375 1391 2452 moriam
1455 2378 1606 2478 ejus
1674 2378 1880 2454 horae
1894 2417 1920 2469 ·,
1970 2405 2110 2479 qua
2157 2381 2313 2455 Rex
2362 2382 2720 2482 promisit,
2769 2405 3040 2480 semper
3089 2381 3224 2456 sibi
3271 2389 3420 2456 tam
3462 2379 3676 2479 hujus
3719 2375 4136 2452 Academiae

1102 2497 1311 2573 decus
1362 2523 1573 2597 quam
1620 2499 1877 2574 artium
1915 2500 2521 2600 doctrinarumque
2565 2502 2836 2577 cultum
2883 2501 3075 2576 cordi
3113 2501 3371 2577 futura.

1196 2616 1511 2716 Accipite
1530 2676 1550 2705 ,
1623 2618 1871 2717 optimi
1923 2619 2253 2719 juvenes!
2316 2621 2554 2696 eximii
2594 2619 3148 2696 testificationem
3193 2617 3442 2696 favoris
3455 2676 3476 2709 ,
3525 2641 3668 2719 quo
3712 2617 3870 2692 Rex
3925 2615 4134 2690 vestri

1102 2760 1268 2836 erga
1326 2761 1399 2811 se
1472 2738 1687 2812 studii
1752 2747 1823 2812 et
1889 2739 2362 2814 observantiae
2421 2739 2712 2840 pignora
2779 2740 3064 2839 accepit.
3187 2723 3530 2814 Memoria
3599 2735 3901 2834 solennis
3955 2734 4144 2809 illius
4219 2789 4226 2792 -

1100 2856 1308 2931 horae
1366 2862 1438 2931 et
1486 2863 1633 2932 tam
1681 2864 1907 2934 vestra
1954 2883 2167 2958 quam
2213 2858 2428 2934 totius
2481 2859 2778 2934 civitatis
2822 2857 3326 2958 congratulatio
3367 2879 3638 2958 semper
3675 2852 4134 2931 inhaerebunt

1099 2975 1174 3053 in
1253 2975 1491 3053 animo
1552 2977 1863 3079 Augusti
1922 2977 2263 3079 Principis
2279 3037 2301 3070 ‚
2370 2981 2485 3055 cui
2549 2979 2806 3055 candor
2869 2986 2942 3055 et
2999 2977 3175 3055 fides
3235 2985 3396 3054 aute
3451 2976 3686 3053 omnia
3739 2996 3898 3053 cara
3947 2981 4133 3050 sunt.

1098 3097 1227 3173 Pia
1266 3122 1539 3198 semper
1580 3106 1813 3177 mente
1862 3098 2069 3177 talem
2122 3100 2395 3200 Regem
2435 3100 2742 3177 colamus
2763 3158 2784 3192 ,
2835 3099 2988 3201 pias
3039 3098 3418 3175 fundamus
3469 3120 3704 3200 preces
3747 3120 3876 3195 pro
3920 3094 4141 3195 ipsius

1098 3218 1573 3295 incolumitate
1590 3278 1613 3309 ,
1684 3227 1758 3295 et
1830 3244 2011 3320 quae
2072 3226 2229 3297 tum
2290 3219 2551 3297 fecistis
2608 3227 2799 3309 vota,
2867 3242 2952 3297 ea
3007 3240 3196 3295 nunc
3251 3216 3458 3294 hacce
3505 3218 3672 3295 hora
3713 3216 4096 3293 instaurate
4114 3272 4135 3303 ,

1100 3364 1374 3417 mecum
1421 3338 1669 3417 intimo
1714 3364 1803 3415 ex
1848 3340 2081 3417 animo
2126 3338 2536 3417 clamantesz
2585 3338 2795 3415 Vivat
2841 3340 3036 3415 Rex!

1200 3576 1409 3651 Vivat
1474 3600 1638 3653 sane
1679 3584 1752 3653 et
1794 3576 2019 3653 valeat
2058 3578 2347 3679 longum
2394 3578 2470 3655 in
2517 3599 2766 3655 aevum
2809 3578 2960 3667 ille,
3033 3577 3158 3677 qui
3202 3574 3428 3651 verbis
3471 3581 3546 3650 et
3588 3573 3790 3649 factis
3841 3579 4138 3648 testatus

1104 3702 1209 3769 est
1222 3752 1243 3783 ,
1316 3694 1613 3770 salutem
1682 3696 1923 3796 populi
1942 3754 1964 3787 ‚
2030 3697 2412 3775 litterarum
2473 3707 2546 3775 et
2601 3699 2858 3774 artium
2923 3696 3164 3775 florem
3185 3752 3208 3785 ,
3267 3695 3502 3771 omnia
3557 3692 3860 3793 denique
3885 3748 3908 3781 ,
3959 3716 4140 3792 quae
4233 3781 4238 3785 .

1102 3813 1457 3915 publicam
1535 3816 2060 3916 prosperitatem
2136 3826 2439 3918 augeant
2458 3875 2481 3908 ,
2553 3818 2996 3917 praecipuam
3069 3836 3219 3889 esse
3285 3812 3786 3915 cogitationum
3856 3832 4138 3887 suarum

1104 3958 1363 4011 curam.
3937 3950 3950 3964 ·
4033 3992 4042 3997 -

1202 4053 1554 4153 Respicite
1628 4056 1837 4131 modo
1852 4112 1873 4145 ,
1938 4075 2117 4154 quae
2175 4052 2572 4154 nuperrime
2621 4054 2950 4155 Princeps
3009 4048 3346 4139 decrevit,
3409 4046 3693 4126 consilio
3741 4072 3914 4124 usus
3964 4046 4140 4123 viro-

1106 4198 1265 4249 rum
1284 4232 1309 4263 ,
1360 4174 1485 4274 qui
1528 4175 1753 4275 gratia
1794 4182 1868 4251 et
1912 4174 2073 4249 odio
2112 4174 2351 4265 liberi,
2399 4196 2530 4251 nec
2564 4196 2898 4249 novarum
2939 4194 3173 4245 rerum
3221 4170 3454 4246 studio
3492 4168 3967 4269 abripiuntur,
4013 4190 4142 4243 nec

1058 4300 1067 4305 “
1109 4318 1275 4371 suae
1317 4293 1692 4394 sapientiae
1731 4294 2054 4395 opinione
2104 4294 2267 4373 elati
2302 4302 2564 4372 ceteros
2606 4316 2847 4370 omnes
2891 4298 3228 4391 tanquam
3261 4288 3666 4391 imperitum
3713 4288 3968 4389 vulgus
4017 4288 4140 4362 de-

998 4486 1011 4499 ,
1108 4414 1430 4514 spiciunt.

1206 4534 1461 4608 Nonne
1492 4534 1793 4635 collegae
1826 4534 2043 4611 nostri
2060 4590 2082 4626 ,
2108 4530 2263 4609 Viri
2285 4530 2668 4610 Clarissimi
2705 4531 3180 4607 Donnnasrus
3200 4584 3223 4621 ,
3266 4530 3816 4607 Gonnonvnnus
3855 4528 3902 4601 J
3907 4527 4140 4615 unior,

1112 4652 1604 4728 Orzoounnus
1624 4710 1648 4743 ,
1722 4655 2051 4732 Gnnnms
2069 4710 2091 4743 ‚
2167 4652 2422 4727 debitis
2499 4650 2816 4727 laborum
2896 4672 3180 4725 suorum
3241 4649 3565 4749 praemiis
3639 4656 3806 4725 sunt
3868 4648 4091 4722 ornati
4107 4648 4146 4721 Ρ

1110 4770 1365 4849 Nonne
1425 4769 1823 4849 docentium
1886 4792 2257 4849 numerum
2308 4771 2736 4848 Garumnam
2793 4767 3080 4847 Lectore
3123 4776 3375 4846 auctus
3425 4770 3584 4845 est?
3655 4770 3750 4845 Et
3789 4766 3966 4868 quis
3991 4790 4142 4845 am·-
