4766 6034
1084 1501 1544 1564 ACADEMIAE
1616 1500 2463 1562 RHENo-TRAJECTINAE
2527 1501 3020 1576 CURATORES,
3100 1503 3268 1563 VIRI
3329 1503 3639 1564 AMPLIS·

1162 1605 1361 1666 SIMI!

1079 1752 1221 1812 QUI
1262 1751 1756 1812 CURATORUM
1798 1750 2194 1812 COLLEGIO
2225 1751 2327 1813 AB
2366 1751 2594 1812 ACTIS
2632 1754 2757 1827 ΕΒ,
2801 1754 2942 1814 VIR
2977 1752 3640 1814 CONSULTISSIME!

1075 1900 1219 1961 QUI
1267 1901 1357 1960 IN
1396 1900 1559 1960 HAG
1602 1900 1813 1959 URBE
1856 1900 2016 1960 AUT
2056 1899 2235 1960 JURI
2274 1899 2638 1960 DICUNDO
2681 1899 2841 1960 AUT
2883 1900 3280 1961 CIVITATIS
3322 1899 3640 1960 COMMO-

1156 2004 1284 2062 DIS
1326 2002 1723 2062 CURANDIS
1762 2003 2212 2076 PRAEESTIS,
2254 2003 2428 2062 VIRI
2466 2004 2558 2063 ΙΝ
2562 2003 3006 2064 TEGERBIMI
3023 2049 3040 2080 ‚
3087 2003 3583 2064 GRAVISSIMI!

1071 2146 1534 2210 QUARUMV'IS
1587 2127 2175 2211 DocffimNARUM
2214 2149 2782 2224 PROFESSORES,
2835 2133 3254 2212 COLLEGAE'
3295 2151 3636 2213 CONJUN-

1155 2251 1537 2313 CTISSIMIl

1074 2398 1435 2459 CHEMIAE
1478 2397 1817 2472 LECTOB,
1861 2399 1999 2458 VIR
2038 2399 2552 2462 DOCTISSIME!
2847 2467 2870 2492 ο

1064 2545 1303 2605 VEBBI
1342 2545 1605 2606 DIVINI
1644 2499 2214 2620 INTERPRETES,
2256 2547 2426 2606 VIRI
2467 2547 2959 2609 MAGNOPERE
3003 2549 3506 2654 VEIJERANDI!

1069 2691 1749 2754 QUARUMCUMQUE
1805 2691 2429 2754 DISCIPLINARUM
2483 2694 2928 2768 DOCTORES,
3005 2696 3179 2755 VIBI
3234 2695 3632 2756 ERUDITIS-

1146 2795 1353 2856 SIMI!
2873 2831 2880 2838 ·

1066 2943 1291 3002 CIVES
1350 2942 1605 3002 HUJUS
1670 2931 2168 3012 AOAD'EMIAE,
2223 2941 2370 3003 QUI
2426 2939 2816 3002 COLENDIS
2869 2941 3266 3002 BONARUM
3320 2943 3632 3003 ARTIUM

1142 3046 1413 3107 ATQUE
1462 3045 2020 3105 HUMANITATIS
2059 3044 2365 3103 STUDIIS
2407 3044 2515 3103 AD
2557 3044 3015 3104 DOCTRINAE
3062 3044 3399 3105 LAUDEM
3441 3047 3628 3141 QON-

1142 3147 1548 3221 TENDITIS,
1592 3145 2198 3208 COMMILITONES
2242 3144 2727 3207 AMICISSIM11

1058 3295 1499 3357 QUOTQUOT
1538 3294 1931 3363 DENIQUE,
1978 3292 2808 3385 CUJUSOUNQUEL001,
2855 3294 3213 3365 ORDINIS‚
3262 3294 3622 3355 DIGNITA-

1138 3398 1291 3470 TIS,
1347 3398 1513 3459 Huc
1564 3396 2115 3473 CCNVENISTIS,
2174 3395 2622 3456 AUDITORES
2663 3396 3232 3470 HUMANISSIMI,
3277 3397 3626 3459 EXOPTA·

1142 3500 1433 3561 TISSIMI
1457 3504 1471 3561 l

770 3907 1063 4012 Rectori
1108 3938 1487 4037 Magnifico
1504 3996 1525 4026 ,
1574 3938 1981 4037 priusquam
2030 3938 2450 4035 provinciam
2507 3939 2880 4037 successori
2929 3940 3196 4026 tradat,
3247 3964 3286 4012 e
3342 3939 3615 4016 decreto

560 4056 797 4155 Regio
860 4058 1270 4133 mandatum
1342 4064 1482 4145 est,
1550 4063 1633 4130 ut
1689 4057 1774 4132 de
1820 4056 2236 4132 Academiae
2286 4064 2477 4131 statu
2526 4055 2810 4144 referat,
2860 4081 3179 4157 quaeque
3226 4082 3348 4155 per
3392 4062 3610 4157 magi-

560 4176 829 4250 stratus
878 4178 988 4250 sui
1034 4202 1295 4253 annum
1346 4177 1523 4251 laeta
1572 4177 1679 4252 vel
1722 4176 1947 4252 tristia
1996 4178 2061 4249 ei
2107 4175 2487 4274 obtigerint
2535 4175 2714 4263 fata,
2765 4188 3272 4252 commemoret.

660 4296 788 4369 Ad
858 4298 987 4372 hoc
1048 4298 1347 4371 officium
1412 4322 1494 4371 eo
1560 4297 1915 4373 lubentius
1964 4295 2289 4394 equidem
2337 4296 2702 4393 aggredior
2719 4353 2737 4382 ,
2800 4319 3021 4392 quum
3041 4294 3370 4394 ‘reputem
3429 4297 3607 4367 Aca-

558 4416 874 4490 demiam
897 4476 914 4503 ,
982 4417 1181 4517 cujus
1250 4417 1514 4491 natales
1574 4416 1779 4492 hodie
1832 4416 2256 4493 celebramus
2278 4473 2297 4502 ‚
2364 4438 2514 4487 esse
2573 4414 3088 4489 Universitatem
3135 4416 3566 4511 scientiarum
3587 4474 3606 4502 ‚

556 4535 1017 4611 seminarium
1078 4537 1329 4611 artium
1399 4536 1785 4611 liberalium
1805 4595 1825 4624 ,
1886 4534 1985 4609 ita
2040 4532 2436 4607 ordinatum
2457 4590 2476 4619 ,
2527 4540 2643 4618 ut,
2695 4532 2755 4605 si
2801 4532 2974 4629 quid
3021 4532 3094 4606 in
3149 4557 3230 4607 eo
3280 4532 3370 4606 sit
3410 4558 3604 4609 man-

553 4680 727 4729 cum
798 4656 905 4730 vel
965 4656 1441 4755 imperfectum
1464 4714 1483 4743 ‚
1556 4656 1685 4729 hae
1747 4656 1937 4730 velut
1983 4652 2291 4729 maculae
2332 4650 2728 4751 effulgentis
2777 4651 3136 4751 splendore
3191 4654 3364 4728 lucis
3408 4654 3605 4729 facile

552 4774 971 4852 obruantur.

3131 4900 3162 4965 1
3177 4900 3220 4965 9
