4766 6034
1571 614 1866 687 ORDO
1933 619 2593 691 LECTIONUM.
3461 629 3589 695 251

563 828 804 907 Lunae
819 882 844 919 ‚
901 824 1156 903 Martie
1214 831 1288 902 et
1347 824 1680 903 Mercurii
1696 885 1719 917 ‚
1780 826 1948 903 hora
2000 828 2113 919 X;
2175 828 2795 931 Pharmacoynoein
2843 836 2917 907 et
2952 830 3331 907 naturalem
3374 858 3589 910 reme-

561 952 818 1025 diorum
869 948 1222 1023 bietoriam
1237 1004 1261 1038 ,
1309 946 1559 1025 diebus
1603 947 1894 1025 Veneris
1937 956 2011 1025 et
2057 950 2340 1027 Saturni
2356 1009 2379 1042 ‚
2428 951 2599 1028 hora
2644 950 2799 1042 1x;
2854 952 3260 1053 Therapiam
3298 980 3589 1055 yenera-

559 1073 686 1147 lem
709 1128 732 1161 ‚
801 1068 1054 1147 diebus
1112 1067 1300 1145 Iovis
1359 1077 1434 1145 et
1500 1069 1792 1147 Veneris
1808 1128 1832 1161 ‚
1891 1071 2060 1149 hora
2111 1072 2254 1148 ΠΙ.
2350 1073 2863 1173 Empe-vimentis
2916 1080 2991 1149 et
3046 1074 3591 1175 indayationibw

545 1191 1026 1293 physioloyicie
1073 1187 1382 1290 quotidie
1403 1246 1426 1280 ,
1475 1191 1644 1269 hora
1689 1190 1843 1267 XII
1891 1191 1984 1267 ad
2030 1192 2110 1266 ΙΙ
2123 1248 2146 1282 ,
2195 1190 2487 1271 vacabit.

795 1386 910 1461 IN
953 1386 1521 1463 FACUL'I'A'I'E
1567 1386 2352 1465 DISCIPLINARUM
2398 1386 3350 1467 MATHEMA'I'ICARUM

1651 1507 1776 1584 ΕΤ
1821 1508 2488 1587 PHYSICARUM.

649 1668 1126 1747 Humanas
1197 1670 1703 1749 Cna1sr1mus
1770 1696 1925 1749 vau
1995 1673 2218 1749 Ham.
2279 1673 2394 1750 die
2456 1671 2745 1747 Veneris
2763 1730 2784 1763 ,
2849 1672 3019 1749 hora
3077 1673 3262 1750 VIII
3307 1681 3377 1752 et
3424 1676 3536 1750 IX
3562 1737 3582 1767 ‚

548 1789 944 1866 autumnali
981 1797 1055 1866 et
1093 1791 1352 1867 aestivo
1391 1800 1700 1893 tempore
1739 1792 1950 1869 etiam
1989 1794 2102 1871 die
2134 1794 2387 1870 Martia
2405 1852 2428 1884 ,
2463 1792 2655 1869 Iovis
2696 1800 2769 1868 et
2808 1792 3091 1897 Saturni
3108 1853 3131 1885 ,
3166 1794 3335 1869 hora
3362 1795 3545 1870 VIII
3561 1856 3582 1885 ‚

548 1912 880 1987 elementa
919 1912 1292 1989 Botanicee
1335 1912 1734 1991 illustrabit.
1805 1915 2178 1991 Bolanicea
2213 1916 2625 1991 sublimioris
2672 1913 2923 1989 selecta
2969 1916 3317 2014 quaedam
3358 1918 3585 2016 capita

545 2026 782 2107 tradet
840 2030 956 2107 die
990 2030 1280 2107 Veneris
1299 2089 1320 2122 ,
1381 2032 1552 2109 hora
1594 2032 1727 2110 XI.
1793 2034 1932 2110 Die
1978 2033 2312 2111 Mercurii
2361 2033 2531 2109 hora
2574 2032 2691 2119 IX
2736 2041 2809 2109 et
2854 2032 2929 2109 X
2973 2040 3137 2135 aget
3188 2035 3279 2111 de
3325 2036 3580 2136 plantis

541 2152 1054 2229 medicinalibus
1115 2152 1409 2253 aliisque
1469 2154 1656 2230 vario
1713 2160 2034 2254 respectu
2077 2156 2393 2245 utilibus,
2459 2154 2603 2229 sive
2652 2154 2741 2229 de
2792 2156 3137 2231 Botanica
3192 2158 3538 2255 applicata
3562 2218 3581 2245 ,

539 2272 787 2348 ordine
845 2271 1296 2349 Familiarum
1361 2275 1819 2365 naturalium3
1883 2274 1999 2351 die
2052 2274 2336 2351 Saturni
2388 2282 2625 2351 autem
2644 2331 2665 2364 ,
2714 2274 2880 2349 hora
2930 2274 3005 2351 X
3048 2282 3121 2349 et
3164 2275 3273 2350 XI
3294 2334 3315 2365 ‚
3377 2279 3589 2353 Oeco-

541 2396 836 2470 nomiam
888 2396 1187 2471 ruralem
1232 2394 1528 2471 docebit.
1627 2396 1798 2473 Post
1845 2396 2050 2473 ferias
2095 2395 2463 2471 Paschales
2508 2403 2579 2470 et
2624 2420 2861 2472 mense
2901 2394 3293 2496 Septembri
3308 2454 3329 2485 ,
3380 2398 3581 2471 alter-

538 2514 652 2590 nis
723 2514 998 2592 dierum
1057 2515 1613 2593 hebdomadibus
1631 2576 1652 2608 ‚
1726 2517 1838 2593 die
1894 2519 2238 2593 Mercurii
2290 2517 2458 2592 hora
2487 2515 2653 2591 -VII
2706 2518 3204 2611 eoecureionibue
3254 2517 3583 2591 botana-is

536 2634 867 2734 praeerit.
3350 2630 3359 2641 ’

633 2756 874 2833 Ianus
922 2757 1390 2835 (inmanius
1427 2758 1817 2834 Eaunams
1861 2756 2112 2833 diebus
2145 2756 2330 2834 Iovis
2348 2814 2371 2847 ‚
2420 2755 2711 2831 Veneris
2753 2764 2825 2833 et
2860 2754 3182 2845 Saturni,
3233 2755 3398 2829 hora
3436 2756 3580 2843 XI,

537 2876 1057 2966 Aritbmeticea,
1123 2878 1492 2978 Alyebrae,
1561 2881 1984 2954 Geometriae
2040 2884 2112 2953 et
2171 2878 2747 2977 Diqonometriae
2772 2879 3039 2975 planae
3080 2875 3420 2951 elementa
3464 2902 3581 2951 ex-

530 2994 862 3094 plicabit3
933 2996 1301 3098 Physicam
1362 3000 1948 3101 eaperimentatem
2013 2997 2290 3075 docebit
2349 2995 2465 3072 die
2529 2996 2861 3072 Mercurii
2876 3054 2899 3086 ,
2968 2996 3135 3072 hora
3188 2997 3225 3070 I
3247 3055 3268 3084 ‚
3330 2995 3579 3072 diebus

531 3117 726 3192 Iovis
743 3175 766 3208 ,
832 3117 1120 3194 Veneris
1171 3128 1243 3196 et
1286 3119 1610 3209 Saturni,
1671 3119 1839 3194 hora
1885 3119 2059 3195 XII.
2158 3118 2529 3216 Phys-icam
2574 3116 3004 3212 theoreticam
3048 3115 3365 3192 universe
3384 3173 3403 3204 ‚
3454 3126 3579 3191 aut

529 3238 794 3314 selecta
853 3239 1005 3314 eius
1067 3240 1296 3340 capita
1317 3297 1338 3330 ,
1401 3239 1941 3340 provectioribus
1997 3236 2354 3339 discipulis
2406 3241 2725 3336 exponet.
2824 3236 2940 3310 De
2994 3235 3389 3310 Matheseos
3444 3239 3575 3312 ek-

531 3359 788 3434 mentie
854 3360 1238 3459 ᾱὼφιιῶίίὶο
1295 3358 1666 3437 habebitur
1726 3358 1976 3434 diebus
2021 3357 2206 3433 Iovis
2225 3414 2247 3447 ,
2294 3355 2585 3432 Veneris
2634 3363 2707 3430 et
2758 3355 3081 3446 Saturni,
3129 3354 3295 3430 hora
3344 3381 3579 3456 pome-

527 3477 809 3552 ridiana
858 3477 1000 3553 III.

629 3597 1024 3672 Nummus
1085 3597 1417 3674 Munna
1467 3599 1582 3675 die
1640 3600 1882 3675 Lunae
1903 3658 1922 3689 ,
1985 3598 2152 3674 hora
2208 3598 2282 3673 X
2303 3655 2324 3687 ,
2389 3597 2502 3672 die
2565 3595 2817 3671 Martis
2839 3653 2861 3686 ,
2924 3595 3093 3670 hora
3147 3593 3220 3669 X
3266 3601 3341 3670 et
3386 3596 3575 3685 XII,

531 3717 934 3794 Historiam
994 3719 1406 3806 Animalium
1464 3721 2066 3796 invertebratorum
2125 3719 2506 3794 naturalem
2566 3714 2843 3792 docebit
2862 3722 2904 3806 ς’
2928 3719 3039 3796 de
3096 3719 3579 3794 Mammalibu8

528 3860 702 3912 vero
753 3844 918 3936 aget
956 3836 1125 3914 hora
1175 3837 1338 3913 dein
1382 3835 1792 3928 indicanda3
1845 3837 2094 3914 diebus
2143 3835 2433 3912 Veneris
2477 3842 2548 3911 et
2589 3835 2873 3912 Saturni
2893 3893 2914 3926 ,
2966 3835 3134 3911 hora
3187 3836 3298 3910 XI
3320 3896 3340 3926 ,
3390 3844 3575 3912 Ana-

529 3966 762 4032 tomen
828 3959 1222 4032 animalium
1285 3966 1738 4057 comparatam
1804 3955 2052 4034 tradet.
2172 3947 2556 4032 Exercitiie
2612 3955 2989 4055 Ζοόίοῃίσιζς
3044 3963 3117 4030 et
3177 3955 3577 4032 Zocitomicis

521 4077 866 4176 practicis
913 4077 1226 4176 quotidie
1271 4078 1588 4179 praeerit.

629 4197 1109 4274 Garumna
1170 4199 1564 4275 Anaunus
1627 4197 2024 4271 Enscnnmi
2086 4192 2336 4270 diebus
2400 4193 2587 4268 Iovis
2652 4199 2723 4268 et
2787 4193 3069 4270 Saturni
3092 4253 3111 4284 ,
3182 4193 3347 4268 hora
3415 4197 3525 4270 IX
3548 4255 3569 4286 ‚

533 4319 1093 4406 Stereometriam
1169 4326 1242 4394 et
1317 4319 1914 4420 stiyonometriam
1976 4317 2397 4417 sphaericam
2480 4311 2796 4402 docebit3
2877 4314 3163 4388 selectos
3233 4316 3569 4413 Alyebrae

527 4438 724 4513 locos
777 4437 1103 4513 tractabit
1157 4437 1408 4514 diebus
1447 4438 1694 4516 Lunae
1732 4443 1804 4513 et
1854 4435 2106 4512 Martis
2127 4493 2148 4525 ‚
2197 4433 2366 4509 hora
2415 4433 2567 4524 XI;
2624 4435 3070 4508 Geometriam
3117 4434 3525 4532 analyticam
3548 4493 3568 4522 ‚

544 4557 894 4632 Catonem
930 4558 1448 4655 differentialem
1485 4566 1557 4633 et
1599 4557 1996 4657 inteyralem
2013 4613 2036 4647 ,
2082 4555 2558 4630 Machanicam
2592 4553 3036 4652 analyticam,
3076 4555 3601 4628 Astronomiam.

529 4677 964 4775 sphaericam
1024 4684 1098 4751 et
1135 4679 1496 4778 physicam
1540 4683 1838 4776 exponet
1877 4675 2065 4752 horis
2108 4672 2695 4751 commilitonibus
2736 4670 3155 4764 commodis3
3203 4674 3567 4748 Emere-itia

529 4797 1016 4874 mathematica
1056 4795 1450 4876 futurorum
1495 4800 2027 4898 Praeceptorum
2072 4794 2545 4900 moderabitur
2590 4790 2776 4870 horis
2820 4798 3062 4892 postea
3105 4792 3511 4870 indicandis,

3035 4916 3129 4987 32
3142 4913 3186 4960 ¹⁸*
