4766 6034
1440 1064 1977 1163 NUMERUS
2056 1067 2844 1235 STUDIOSORUM

1154 1379 1259 1459 ΙΝ
1326 1375 1897 1458 ACADEMIA
1966 1377 3120 1460 RHENo-TRAJECTINA

1654 1657 1789 1718 DIE
1834 1662 1908 1718 31
1952 1656 2404 1718 DECEMBRIS
2451 1661 2626 1721 1853.

1878 1956 2408 1967 ————-——

1105 2185 1177 2258 in
1227 2184 1585 2260 Facultate
1654 2182 2066 2282 Theologicst
2142 2242 2169 2279 .,
2214 2241 2231 2260 .
2288 2242 2307 2260 .
2363 2245 2377 2260 .
2435 2243 2451 2259 .
2506 2243 2522 2260 .
2581 2245 2598 2260 .
2655 2243 2672 2261 .
2723 2211 2748 2265 .·
2799 2245 2815 2264 .
2868 2245 2888 2265 .
2990 2191 3154 2263 201.

1407 2332 1445 2372 n
1478 2347 1491 2360 ·
1644 2301 1957 2377 Juridicfi
2044 2360 2061 2376 .
2141 2361 2883 2382 ...........
2992 2310 3152 2382 154.

1640 2421 1917 2498 Medic&
1982 2481 1998 2496 .
2066 2481 2879 2502 ............
3031 2430 3152 2502 45.

1643 2541 1833 2617 Disc.
1883 2541 2109 2618 Math.
2160 2551 2233 2617 et
2278 2542 2488 2642 Phys.
2573 2601 2882 2621 .....
3085 2549 3151 2620 5.

1648 2661 1827 2738 Phil.
1880 2661 2123 2738 Theor.
2178 2669 2249 2737 et
2298 2663 2466 2740 Litt.
2519 2663 2741 2742 Hum.
2803 2723 2821 2740 .
2875 2723 2892 2741 .
3046 2669 3164 2744 12.

2990 2841 3160 2914 417.

726 3054 1091 3129 Praeterea
1150 3052 1224 3127 in
1281 3050 1522 3129 album
1577 3005 2051 3126 academissmm
2084 3052 2390 3128 ‘nomina
2455 3052 2953 3144 studiosorum,
3002 3053 3076 3128 in
3123 3054 3408 3130 diversis
3454 3055 3674 3130 Athe-

618 3173 818 3249 naeis
877 3173 1128 3249 studiis
1179 3198 1461 3273 operam
1518 3170 1925 3248 navantium
1946 3230 1969 3262 ,
2036 3169 2252 3248 relata
2312 3180 2480 3247 sunt
2497 3230 2518 3263 ,
2583 3198 2665 3248 eo
2720 3181 2994 3249 tantum
3043 3174 3327 3250 consilio
3347 3234 3368 3265 ,
3433 3183 3515 3249 ut
3560 3173 3676 3251 hic

618 3293 1109 3370 examinentur
1156 3302 1229 3369 et
1275 3295 1609 3368 Doctores
1655 3296 1976 3367 cressntur
1995 3349 2017 3381 ,
2067 3316 2398 3391 quorum:

1116 3436 1187 3510 in
1234 3434 1591 3511 Facultate
1648 3433 2067 3533 Theologioa
2136 3488 2159 3512 .
2215 3490 2895 3515 ..........
3045 3441 3162 3513 22.

1657 3552 1972 3629 Juridica
2013 3612 2682 3631 ..........
2727 3552 2755 3633 ’.
2813 3615 2829 3632 .
2884 3615 2899 3632 .
3053 3561 3170 3633 25.

1658 3672 1940 3749 Medica
2006 3731 2892 3754 .............
3045 3681 3162 3754 21.

1658 3793 1853 3871 Disc.
1900 3793 2125 3870 Math.
2177 3801 2250 3869 et
2294 3792 2506 3893 Phys,
2597 3854 2905 3875 .....
3105 3802 3173 3874 2.

1662 3913 1839 3991 Phil.
1894 3913 2137 3991 Theor.
2189 3920 2260 3990 et
2307 3914 2479 3993 Litt.
2530 3916 2751 3996 Hum.
2805 3979 2821 3996 .
2877 3979 2894 3995 .
2987 4000 2994 4005 ,
3093 3922 3161 3993 2.

3047 4092 3163 4165 72.
