4766 6034
1927 615 2483 687 ORATIO.
2668 562 2679 574 ο
3637 620 3720 686 67

684 827 894 906 astico
950 825 1178 904 aliena
1228 832 1354 902 est.
1455 827 1532 904 Si
1577 827 1766 904 enim
1813 827 2000 954 hisce
2043 826 2294 904 studiis
2342 849 2623 927 operam
2668 848 2917 902 navare
2964 825 3322 926 pergimus
3370 825 3718 928 theologi,

681 974 820 1026 non
876 955 1152 1024 tantum
1199 953 1479 1046 patrum
1527 948 1882 1028 tuebimur
1920 954 1992 1027 et
2037 946 2545 1024 vindicabimus
2586 944 3081 1024 haereditatem
3101 1003 3122 1035 ,
3168 969 3411 1024 verum
3462 947 3675 1026 etiam
3698 1006 3720 1039 ‚

683 1069 742 1142 si
787 1067 960 1167 quid
1008 1067 1208 1148 video
1221 1125 1242 1157 ,
1292 1068 1650 1148 universae
1695 1068 2100 1168 disciplinae
2144 1074 2420 1146 nostrae
2467 1066 2727 1167 optime
2775 1065 3295 1168 prospiciemus.

772 1448 894 1523 Ad
955 1448 1245 1523 alteram
1301 1450 1584 1548 perveni
1654 1449 1982 1526 orationis
2049 1453 2318 1550 partem
2336 1506 2357 1537 ,
2427 1472 2609 1547 quae
2672 1447 2845 1524 mihi
2914 1448 3381 1548 gratissimam
3431 1449 3721 1550 praebet

681 1567 1266 1668 opportunitatem
1330 1594 1415 1645 ea
1487 1571 1938 1670 expromendi
1955 1628 1976 1660 ,
2043 1594 2224 1669 quae
2255 1629 2260 1633 .
2294 1567 2503 1644 hodie
2578 1576 2830 1668 mente·
2884 1569 3094 1670 agito.
3219 1570 3473 1670 Neque
3544 1568 3722 1645 mihi

679 1688 1062 1787 quidquam
1121 1694 1246 1762 aut
1307 1689 1664 1788 antiquius
1713 1698 1823 1768 est
1838 1749 1859 1781 ,
1910 1699 2034 1766 aut
2074 1688 2382 1789 optatius
2428 1689 2700 1764 evenire
2742 1691 2976 1789 potuit
2994 1747 3013 1778 ,
3066 1713 3278 1788 quam
3320 1696 3404 1765 ut
3450 1688 3675 1764 Vobis
3696 1749 3718 1779 ‚

681 1808 1300 1884 Illustrissimi
1340 1810 1870 1888 Academiae
1913 1811 2790 1913 Lugduno-Batavae
2836 1810 3347 1886 Curatores!
3399 1834 3525 1909 pro
3563 1834 3719 1885 mu-

675 1954 837 2004 nere
855 1989 876 2018 ‚
945 1929 1139 2029 quod
1195 1929 1370 2004 mihi
1434 1931 1782 2032 suffragiis
1843 1930 2086 2009 vestris
2145 1931 2437 2030 probato
2494 1930 2851 2006 mandavit
2898 1931 3055 2004 Rex'
3107 1929 3673 2030 Angustissimus
3696 1988 3716 2018 ,

677 2050 932 2150 gratias
977 2074 1182 2150 agam
1235 2050 1554 2132 sinceras.
1657 2054 1924 2152 Magna
1963 2050 2268 2151 profecto
2310 2050 2485 2124 mihi
2518 2049 2919 2125 conceditur
2961 2049 3251 2125 felicitas
3270 2107 3291 2140 ,
3341 2049 3415 2124 in
3466 2073 3675 2149 quem
3698 2109 3719 2140 ,

677 2171 994 2246 iuvenem
1035 2171 1416 2247 admodum
1439 2231 1462 2262 ,
1511 2179 1660 2248 tam
1696 2172 2103 2260 honorifica,
2151 2171 2227 2246 in
2259 2171 2388 2246 hac
2422 2169 2861 2270 potissimum
2900 2170 3085 2246 alma
3118 2171 3489 2248 Musarum
3519 2169 3681 2246 sede
3697 2230 3717 2260 ,

677 2289 1024 2389 provincia
1089 2289 1318 2366 delata
1377 2293 1487 2368 sit.
1612 2296 1816 2372 Quae
1881 2292 2070 2368 enim
2131 2291 2304 2366 solet
2359 2315 2511 2365 esse
2564 2315 2803 2365 eorum
2858 2315 3005 2365 sors
3023 2349 3043 2379 ,
3094 2290 3217 2389 qui
3263 2291 3443 2365 hanc
3486 2289 3719 2365 cathe-

677 2410 872 2484 dram
936 2411 1411 2486 conscendunt
1425 2470 1446 2501 ,
1533 2421 1616 2487 ut
1687 2413 2110 2490 curriculum
2181 2410 2682 2488 Academicum
2754 2409 3059 2500 emensi,
3132 2419 3257 2508 per
3329 2409 3721 2508 complures

677 2530 1028 2606 interdum
1095 2555 1314 2607 annos
1379 2556 1424 2606 a
1459 2533 1734 2614 ,studiis
1789 2533 1982 2609 omni
2037 2531 2253 2608 animi
2309 2531 2695 2606 intentione
2742 2530 3049 2605 colendis
3104 2529 3369 2604 avocati
3420 2529 3680 2603 fuerint
3696 2586 3717 2618 ,

675 2675 756 2725 ea
799 2651 974 2724 mihi
1016 2674 1159 2726 non
1211 2652 1460 2728 evenit.
1563 2654 1779 2731 Quod
1821 2654 1959 2728 nisi
2015 2654 2238 2728 laetus
2286 2651 2405 2727 hic
2450 2673 2823 2752 agnoscam
2876 2655 2947 2724 et
2990 2649 3379 2748 praedicem
3393 2707 3413 2738 ‚
3463 2647 3722 2748 ingrati

679 2768 896 2846 animi
937 2771 1402 2870 suspicionem
1434 2796 1575 2848 non
1610 2773 1965 2873 effugiam.
2065 2771 2286 2847 Vobis
2330 2771 2559 2860 enim,
2608 2769 2800 2844 Viri
2844 2768 3501 2858 Illustrissimi‚
3543 2759 3723 2844 hanc

679 2889 899 2965 debeo
947 2890 1346 2966 felicitatem
1393 2914 1522 2966 nec
1564 2890 1974 2990 Vestrorum
2024 2917 2188 2993 erga
2211 2891 2350 2966 'me
2399 2891 2804 2965 meritorum
2850 2888 3214 2979 obliviscar
3259 2912 3618 2988 umquam.

800 3009 1068 3085 Verum
1142 3035 1284 3085 non
1369 3009 1626 3087 desunt
1650 3072 1673 3103 ,
1759 3037 1940 3111 quae
2022 3011 2338 3087 animum
2428 3034 2666 3085 meum
2748 3009 3063 3106 quamvis
3142 3009 3404 3083 laetum
3486 3009 3716 3108 oppri-

677 3128 920 3219 mant,
969 3131 1240 3230 quoties
1281 3132 1589 3206 muneris
1631 3132 1708 3207 in
1761 3156 1876 3207 me
1927 3131 2138 3239 delati
2183 3130 2593 3230 gravitatem
2633 3136 2900 3227 reputo.
3000 3128 3246 3203 Dicam
3293 3128 3482 3203 enim
3522 3129 3717 3227 quod

679 3250 922 3325 sentio.
1016 3251 1175 3325 Nisi
1246 3250 1589 3349 optimae,
1665 3276 1878 3351 quam
1947 3252 2036 3326 de
2109 3275 2222 3326 me
2290 3248 2697 3347 concepistis
2716 3306 2737 3337 ,
2810 3246 3305 3346 exspectationi
3377 3247 3569 3322 omni
3628 3274 3719 3322 ex

674 3377 872 3469 parte
937 3370 1348 3446 satisfaciam
1370 3428 1392 3460 ,
1463 3370 1577 3447 hic
1638 3368 1815 3447 mihi
1875 3370 2024 3446 dies
2081 3394 2210 3445 nec
2257 3370 2481 3445 laetus
2528 3393 2755 3468 neque
2806 3367 3205 3467 auspicatus
3247 3366 3397 3443 erit.
3500 3367 3715 3447 Quod

673 3488 862 3565 enim
916 3489 1068 3564 aliis
1087 3547 1108 3579 ,
1158 3490 1418 3589 quibus
1465 3490 1598 3565 hoc
1639 3490 2100 3573 infortunium
2142 3489 2393 3566 accidit
2410 3547 2431 3579 ,
2479 3488 2797 3563 relictum
2848 3496 2955 3563 est
2996 3488 3342 3588 refugium
3363 3546 3383 3577 ‚
3433 3495 3517 3571 ut
3563 3489 3713 3563 lau·

672 3608 808 3682 reis
855 3616 1060 3683 antea
1099 3608 1314 3709 partis
1356 3609 1432 3683 in
1481 3618 1836 3708 posterum
1889 3635 2168 3712 quoque
2217 3608 2528 3693 contenti
2574 3608 2788 3685 vitam
2841 3606 3231 3708 transigant
3248 3666 3269 3698 ,
3319 3608 3495 3684 illud
3538 3610 3714 3684 mihi

671 3752 1118 3827 nequaquam
1177 3729 1463 3827 patebit.
1567 3733 1804 3809 Quare
1863 3732 2080 3808 nolite
2139 3729 2535 3807 existimare
2548 3786 2569 3818 ,
2634 3754 2749 3804 me
2808 3728 2985 3803 mori
3047 3735 3320 3804 tantum
3377 3729 3670 3829 obsequi
3690 3788 3712 3818 ,

677 3848 738 3923 si
796 3848 993 3924 vobis
1055 3848 1484 3948 spopondoro
1505 3908 1526 3939 ‚
1602 3876 1719 3926 me
1778 3852 2126 3952 quidquid
2171 3852 2246 3925 in
2285 3876 2403 3926 me
2447 3857 2555 3924 est
2598 3848 2847 3923 virium
2866 3908 2886 3938 ,
2936 3849 3013 3922 id
3060 3873 3267 3925 omne
3310 3848 3714 3949 disciplinae

674 3967 1096 4067 theologicae
1135 3977 1210 4043 et
1257 3969 1466 4044 huius
1511 3971 1932 4049 Academiae
1983 3972 2193 4049 saluti
2229 3996 2380 4047 esse
2425 3969 2877 4045 tributurum.
2976 3967 3203 4043 Probe
3246 3976 3483 4044 autem
3540 3968 3715 4044 mihi

676 4110 1084 4185 persuasum
1153 4096 1295 4178 est,
1361 4088 1624 4165 nullam
1689 4094 1875 4192 grati
1919 4091 2137 4169 animi
2188 4090 2757 4191 significationem
2820 4087 3041 4162 Vobis
3098 4088 3227 4163 hac
3289 4088 3433 4162 fore
3488 4089 3715 4187 magis

677 4213 1060 4305 acceptam:
1113 4215 1539 4309 quantopere
1585 4212 1774 4286 enim
1824 4212 2240 4288 Academiae
2286 4211 2473 4287 salus
2518 4217 2591 4284 et
2638 4209 2923 4283 Ordinis
2976 4209 3483 4306 Theologorum
3528 4208 3711 4311 inte-

673 4324 892 4422 gritas
943 4325 1164 4401 Vobis
1225 4352 1430 4403 curae
1477 4330 1618 4404 sint
1666 4332 1994 4431 cordique
2012 4390 2033 4422 ,
2081 4330 2626 4406 luculentissime
2673 4353 2898 4427 nuper
2944 4328 3367 4403 ostendistis.
3471 4329 3711 4407 Quare

673 4442 852 4518 nihil
891 4446 1116 4546 magis
1158 4446 1232 4521 in
1284 4450 1460 4523 votis
1503 4456 1648 4538 est,
1699 4476 1912 4549 quam
1951 4459 2034 4526 ut
2074 4474 2288 4551 quam
2328 4449 2417 4525 de
2454 4448 2818 4548 disciplina
2864 4456 3100 4523 nostra
3147 4446 3391 4521 fovetis
3432 4454 3709 4523 senten·

673 4561 846 4637 tiam
863 4622 886 4653 ,
943 4567 1264 4642 eamdem
1316 4567 1570 4645 deinde
1616 4568 1828 4645 etiam
1875 4570 2162 4647 foveatis
2182 4628 2202 4659 ‚
2251 4576 2333 4643 ut
2378 4567 2553 4642 mihi
2596 4583 2875 4666 quoque
2920 4588 3077 4640 eam
3122 4564 3539 4641 conservetis
3586 4566 3707 4641 be-

673 4680 1132 4758 nevolentiam
1153 4742 1174 4773 ‚
1239 4710 1454 4784 quam
1510 4686 1681 4785 ipsis
1745 4687 1944 4765 factis
1992 4683 2534 4763 demonstrastis.
2634 4684 3101 4766 Gonaminum
3147 4706 3460 4759 meorum
3502 4686 3710 4783 aequi

675 4798 830 4873 sitis
885 4800 1148 4880 iudices
1163 4861 1186 4894 ,
1246 4828 1476 4904 neque
1528 4805 1602 4881 in
1651 4806 1900 4882 iuvene
1946 4830 2030 4882 ea
2071 4804 2437 4905 requiratis
2455 4864 2475 4895 ,
2525 4828 2706 4904 quae
2736 4829 2779 4881 a
2822 4804 2967 4879 viro
3016 4811 3296 4881 tantum
3336 4802 3705 4882 exercitato

3226 4922 3325 4995 9*
