4766 6034
1828 593 2385 676 ORATIO.
3223 669 3241 679 ,
3521 605 3647 671 161

609 830 755 895 tum
778 877 799 909 ,
870 826 943 893 et
1006 842 1155 892 sero
1222 815 1516 915 accipias
1573 815 1880 913 palmam
1942 842 2153 916 quam
2188 829 2448 892 ,nostra
2514 816 2826 892 omnium
2885 824 3042 891 vota
3084 814 3216 890 tibi
3265 813 3645 915 assignant.

608 943 719 1016 Ita
765 940 941 1015 faxit
993 939 1229 1013 Deus!

700 1183 763 1254 E
804 1179 1066 1255 civium
1107 1178 1681 1255 Academicorum
1730 1203 2021 1254 numero
2064 1179 2374 1280 quinque
2424 1180 2628 1255 nobis
2675 1179 2820 1255 fato
2871 1186 3036 1254 sunt
3077 1179 3314 1276 erepti.
3417 1177 3493 1250 Si
3541 1177 3652 1252 vel

609 1300 817 1375 unius
878 1299 1160 1376 amissio
1212 1299 1406 1399 justo
1448 1324 1575 1374 nos
1616 1299 1848 1375 dolore
1886 1299 2135 1388 afficit,
2185 1309 2448 1398 quanto
2491 1301 2716 1400 magis
2765 1307 2872 1374 tot
2915 1297 3426 1374 carissimorum
3465 1297 3650 1396 capi·
3721 1371 3744 1406 ⁸

606 1430 763 1496 tum
832 1421 1171 1496 desiderio
1238 1444 1365 1494 nos
1428 1418 1841 1493 commoveri
1900 1443 2027 1516 par
2088 1409 2231 1493 est!
2320 1419 2379 1492 E
2409 1447 2414 1452 ·
2449 1418 2592 1493 vita
2649 1426 3090 1494 excesserunt
3131 1419 3501 1503 Focoom,
3553 1439 3650 1490 nn

608 1543 1210 1628 Qunarnauowr,
1279 1562 1427 1614 vAN
1488 1541 2002 1627 Bmsannorffl,
2068 1561 2217 1613 vAN
2274 1539 2554 1612 lernn
2609 1548 2682 1613 et
2729 1540 2993 1626 Mocx‚
3061 1561 3302 1613 omnes
3347 1535 3649 1635 optimae

604 1661 759 1760 spei
799 1660 1088 1760 juvenes
1107 1718 1128 1747 ‚
1178 1657 1583 1760 parentibus
1635 1659 1779 1733 suis
1821 1666 1891 1733 et
1942 1646 2183 1733 amicis
2232 1682 2452 1756 aeque
2500 1683 2579 1734 ac
2626 1657 3186 1758 praeceptoribus
3230 1657 3370 1732 cari
3416 1664 3489 1729 et
3532 1654 3649 1728 de-

608 1781 911 1856 siderati.
1016 1780 1303 1854 Illorum
1348 1779 1681 1854 memoria
1726 1778 1975 1854 animis
2020 1779 2275 1854 nostris
2326 1778 2609 1878 penitus
2657 1779 3062 1855 inhaerebit.
3165 1775 3446 1852 Placide
3487 1801 3655 1874 pace

609 1901 1007 2001 quiescant!

714 2139 792 2214 Si
860 2139 1131 2214 scholae
1186 2139 1482 2239 alicujus
1524 2140 1947 2239 praestantia
1991 2141 2432 2239 aliquatenus
2478 2143 2744 2216 censeri
2791 2148 3020 2242 potest
3069 2140 3485 2214 discentium
3527 2139 3660 2211 fre·

608 2261 937 2361 quentia,
1004 2283 1086 2334 ea
1152 2258 1458 2358 profecto
1534 2259 1687 2335 laus
1746 2269 2022 2336 nostrae
2087 2261 2506 2338 Academiae
2561 2261 2889 2361 denegari
2935 2260 3200 2359 nequit.
3303 2259 3446 2332 Sed
3500 2258 3661 2332 doc·

608 2381 953 2457 trinarum
1025 2379 1375 2454 institutio
1444 2387 1551 2454 est
1620 2404 1708 2453 ex
1774 2404 2013 2454 earum
2078 2403 2311 2455 rerum
2371 2404 2626 2480 genere
2647 2438 2667 2468 ,
2743 2403 2921 2478 quae
2975 2402 3115 2454 non
3160 2401 3450 2453 numero
3470 2435 3490 2464 ,
3541 2377 3664 2450 sed

610 2501 916 2601 pondere
988 2499 1455 2575 aestimandae
1526 2508 1711 2575 sunt.
1834 2501 1997 2575 Non
2061 2499 2287 2604 magis
2357 2501 2432 2574 in
2501 2499 2956 2576 multitudine
3008 2498 3404 2574 auditorum
3452 2520 3663 2594 quam

614 2623 687 2696 in
736 2621 1047 2696 bonitate
1096 2621 1403 2696 cernitur
1447 2621 1576 2696 fios
1626 2620 2132 2698 Universitatis.

710 2741 829 2817 Ad
895 2765 1015 2816 vos
1087 2739 1303 2840 igitur
1366 2765 1480 2816 me
1548 2748 1905 2830 converte,
1979 2741 2406 2818 dilectissimi
2467 2742 2795 2841 juvenes!
2867 2740 2988 2843 qui
3040 2742 3180 2816 huc
3233 2737 3512 2814 venistis
3579 2749 3660 2811 ut

614 2861 877 2961 ingenii
927 2861 1105 2934 vires
1154 2860 1479 2936 excolatis
1498 2919 1517 2949 ,
1571 2861 1837 2936 animos
1888 2845 2170 2959 optimis
2216 2862 2468 2938 studiis
2522 2861 2830 2936 formetis
2851 2921 2869 2950 ,
2921 2869 2992 2936 et
3039 2861 3389 2937 doctrinae
3431 2859 3662 2958 copias

616 2981 955 3083 colligatis
977 3041 998 3072 ‚
1065 2981 1322 3081 quibus
1390 2981 1712 3058 instructi
1775 2982 2181 3083 gravissima
2230 2982 2410 3059 vitae
2461 3007 2752 3061 munera
2800 2981 3012 3083 digne
3059 2983 3236 3058 tueri
3289 2982 3662 3081 aliquando

617 3103 933 3203 possitis:
987 3102 1161 3202 quid
1209 3102 1298 3177 de
1346 3082 1543 3177 vobis
1593 3102 1767 3177 mihi
1814 3104 1976 3179 licet
2021 3103 2471 3203 praedicare?

711 3225 972 3299 Rector
1004 3223 1459 3323 .Magnificus
1520 3248 1560 3298 e
1631 3225 1935 3299 muneris
2002 3225 2113 3300 sui
2174 3223 2438 3299 ratione
2507 3224 2582 3297 in
2639 3223 2761 3299 tali
2819 3230 3008 3299 statu
3079 3233 3188 3298 est
3244 3225 3616 3301 collocatus
3645 3286 3664 3314 ‚

621 3368 760 3443 quo
798 3343 865 3418 ei
922 3366 1083 3418 cum
1132 3341 1399 3417 civibus
1438 3345 1875 3419 Academicis
1917 3344 2167 3420 arctior
2204 3344 2644 3419 necessitudo
2689 3344 3135 3443 crebriusque
3176 3346 3665 3421 commercium

618 3462 986 3537 intercedit
1051 3485 1263 3561 quam
1324 3463 1569 3539 ceteris
1634 3464 1934 3564 collegis.
2034 3466 2130 3538 Et
2187 3463 2377 3563 quod
2439 3465 2532 3539 ad
2577 3489 2698 3539 vos
2743 3464 3028 3563 quidem
3077 3464 3368 3553 attinet,
3417 3466 3668 3564 optimi

614 3582 941 3683 juvenes!
1004 3582 1271 3657 audens
1326 3592 1398 3658 et
1457 3583 1707 3659 lubens
1770 3610 1901 3685 ego
1944 3585 2123 3660 hanc
2170 3585 2594 3684 provinciam
2649 3586 2940 3685 suscepi.
3041 3586 3430 3661 Multorum
3477 3585 3670 3660 'enim

617 3726 959 3779 annorum
1020 3702 1321 3803 spatium
1343 3762 1363 3792 ,
1438 3728 1563 3803 per
1623 3704 1814 3803 quod
1882 3705 1959 3779 in
2019 3705 2147 3780 hac
2211 3705 2596 3781 Academia
2666 3705 2960 3781 docendi
3029 3730 3318 3781 munere
3387 3705 3671 3781 functus

622 3848 807 3899 eram
830 3881 851 3911 ,
914 3812 1031 3897 me
1092 3823 1459 3899 edocuerat
1480 3883 1501 3913 ‚
1569 3833 1831 3923 quanta
1888 3833 2071 3902 esset
2119 3834 2345 3901 vestra
2403 3826 2802 3902 humanitas
2849 3835 2923 3900 et
2971 3850 3138 3925 erga
3197 3840 3672 3927 praeceptores

621 3943 1076 4026 observantia.
1176 3944 1427 4043 Neque
1482 3946 1662 4020 hane
1723 3969 1949 4021 meam
2018 3946 2107 4021 de
2169 3946 2365 4021 vobis
2421 3946 3004 4022 existimationem
3061 3946 3275 4045 hujus
3336 3947 3502 4021 anni
3549 3972 3668 4021 ex-

624 4062 959 4163 perientia
1022 4062 1307 4152 fefellit,
1378 4065 1595 4139 immo
1640 4066 2071 4169 confirmavit
2111 4067 2345 4167 potius
2391 4074 2462 4141 et
2512 4068 2726 4142 auxit.
2829 4067 2904 4139 Si
2949 4090 3278 4165 excepero
3335 4090 3546 4142 unam
3595 4078 3668 4140 et

625 4184 912 4257 alteram
968 4182 1581 4273 offensiunculam3
1653 4209 1829 4285 quas
1888 4211 2195 4262 memoro
2214 4246 2235 4275 ‚
2302 4211 2394 4261 ne
2445 4188 2617 4287 quid
2639 4180 3086 4285 'praeteriisse
3127 4186 3397 4273 videar;
3451 4186 3668 4260 offen-

631 4301 979 4377 siunculas
1042 4301 1197 4377 dico
1248 4302 1592 4402 ejusmodi
1656 4302 1731 4379 in
1792 4330 1966 4404 quas
2010 4306 2148 4406 ipsi
2193 4305 2554 4381 convenire
2596 4305 2911 4381 fatemini
2951 4313 3258 4379 vestrum
3303 4304 3479 4379 illud
3527 4306 3664 4380 elo-

632 4419 867 4521 gium:
938 4423 1137 4495 misce
1196 4423 1555 4496 stultitiam
1617 4425 1916 4499 consiliis
1974 4426 2231 4500 brevem
2248 4427 2283 4498 l
2343 4422 2522 4498 nihil
2561 4424 2751 4523 quod
2792 4448 2931 4498 non
2973 4422 3428 4498 honorificum
3475 4424 3670 4499 vobis

636 4540 766 4627 sit,
816 4536 1065 4615 referre
1114 4540 1362 4617 habeo.

730 4660 1017 4735 Auditis
1072 4659 1241 4737 haec
1259 4720 1280 4750 ,
1344 4661 1497 4735 Viri
1553 4663 1991 4763 Amplissimi
2037 4672 2109 4741 et
2155 4664 2602 4754 Gravissimi,
2669 4688 2901 4740 coram
2949 4664 3145 4740 vobis
3193 4671 3410 4739 testor
3428 4723 3449 4754 ‚
3498 4665 3674 4743 nihil

640 4806 753 4856 me
812 4779 1065 4857 habere
1084 4839 1105 4871 ,
1176 4782 1367 4882 quod
1432 4782 1803 4861 lectissimo
1850 4785 2015 4863 huic
2058 4786 2398 4886 juvenum
2445 4786 2674 4869 coetui
2728 4785 3049 4885 objiciam
3096 4784 3204 4861 vel
3244 4785 3672 4885 exprobrem.

3197 4906 3288 4975 21
