4766 6034
1925 653 2481 724 ORATIO.
2976 753 2991 764 ‚
3636 662 3723 728 81

683 883 865 934 mus.
967 861 1002 934 I
1012 867 1218 959 taque
1265 884 1407 935 non
1451 885 1725 936 omnem
1743 921 1762 950 ,
1829 864 1954 961 qui
1997 853 2104 938 es't
2152 864 2240 938 de
2283 863 2425 938 fide
2445 921 2463 952 ,
2514 864 2741 938 locum
2793 863 3310 962 explicabimus,
3408 867 3719 943 Praeter·

683 979 1032 1054 mittimus
1081 1005 1262 1079 quae
1307 982 1398 1056 ad
1443 982 1594 1056 eius
1640 982 1978 1080 originem
1995 1042 2016 1072 ,
2080 983 2615 1062 fundamentum
2636 1043 2655 1072 ,
2704 983 3186 1059 necessitatem
3209 1043 3229 1073 ,
3279 975 3722 1086 progressum

683 1107 998 1198 spectent
1016 1160 1037 1189 ,
1109 1101 1310 1177 unice
1351 1109 1756 1201 quaerentes
1772 1162 1792 1193 ,
1855 1104 2028 1203 quid
2075 1104 2204 1193 sit,
2268 1105 2411 1179 sive
2457 1129 2635 1205 quae
2676 1105 2850 1180 fides
2901 1104 2992 1179 sit
3032 1105 3503 1205 intelligenda.
3602 1109 3721 1183 Ad

681 1243 894 1316 quam
941 1221 1416 1318 quaestionem
1435 1281 1454 1310 ,
1508 1221 1986 1321 gravissimam
2026 1223 2214 1299 illam
2255 1249 2420 1323 prae
2456 1225 2782 1300 omnibus
2802 1283 2821 1313 ,
2864 1249 3041 1325 quae
3083 1225 3288 1300 hodie
3324 1227 3679 1326 agitantur
3698 1287 3717 1318 ,

679 1346 762 1412 ut
833 1339 963 1412 rite
1027 1341 1563 1442 respondeatur,
1635 1342 2014 1418 videndum
2076 1346 2279 1420 nobis
2327 1353 2435 1421 est
2490 1353 2643 1422 tum
2700 1344 2789 1419 de
2844 1345 3011 1420 fidei
3061 1347 3350 1435 obiecta,
3417 1357 3571 1422 tum
3629 1349 3717 1422 de

679 1459 830 1533 eius
875 1461 1118 1535 indole.

788 1701 1131 1776 Obice-tum
1204 1701 1456 1776 habeat
1523 1702 1699 1777 fides
1771 1729 2050 1780 necesse
2120 1713 2261 1794 est;
2335 1731 2500 1782 nam
2570 1707 2719 1781 sine
2786 1731 2869 1782 eo
2932 1731 3020 1782 ne
3085 1708 3371 1807 cogitari
3432 1709 3717 1812 quidem

676 1826 924 1918 potest.
1026 1822 1157 1896 Est
1199 1829 1435 1897 autem
1485 1821 1697 1912 illud,
1749 1849 1788 1897 e
1831 1825 2006 1900 Izsu
2051 1831 2122 1898 et
2160 1826 2655 1925 Apostolorum
2699 1827 3047 1918 doctrina,
3096 1829 3437 1928 primum:
3483 1832 3719 1903 Evan-

663 1940 959 2036 yelium,
1011 1939 1366 2029 salutaris,
1417 1964 1628 2038 quem
1681 1941 2080 2018 hominibus
2126 1943 2601 2043 perferebant,
2655 1948 2971 2030 nuncius.

773 2059 1143 2136 Gnmsmus
1195 2060 1381 2134 enim
1430 2061 1794 2159 populares
1841 2084 2002 2134 suos
2046 2061 2454 2137 adhortatus
2500 2071 2645 2152 est,
2698 2073 2777 2139 ut
2820 2069 3193 2142 crederent
3212 2069 3591 2168 Evanyelio
3622 2071 3715 2164 ⁶).

675 2178 886 2256 Quod
931 2179 1098 2253 alibi
1147 2179 1449 2280 appellat
1491 2205 1853 2255 sermonem
1896 2205 2081 2254 suum
2109 2182 2208 2272 3),
2273 2184 2480 2258 verba
2530 2207 2657 2258 sua
2692 2186 2792 2276 ⁷),
2843 2189 3203 2284 mysteria,
3252 2214 3308 2262 8.
3356 2214 3719 2266 sermonem

673 2301 757 2373 de
797 2324 1002 2399 reyno
1045 2301 1369 2374 coelorum
1409 2301 1472 2392 8)
1498 2358 1518 2387 ,
1568 2325 1680 2376 res
1734 2301 2047 2376 coelestes
2071 2303 2134 2394 ⁹)
2152 2360 2172 2389 ,
2221 2304 2366 2378 Dei
2412 2328 2773 2379 sermonem
2794 2363 2813 2392 ,
2857 2307 3003 2380 Dei
3041 2309 3247 2382 verba
3284 2309 3378 2400 ¹⁰)
3394 2367 3413 2396 ,
3466 2312 3716 2385 verita-

673 2429 802 2495 tem
847 2423 969 2515 ¹¹).
1071 2422 1223 2496 Neo
1283 2428 1560 2496 tantum
1624 2422 1699 2496 in
1759 2445 2010 2522 genere
2080 2423 2210 2498 hoc
2269 2422 2436 2497 fidei
2501 2423 2855 2498 obiectum
2920 2425 3247 2501 indicavit
3269 2485 3289 2514 ,
3354 2429 3479 2502 sed
3532 2437 3717 2504 certa

671 2541 881 2616 etiam
942 2542 1233 2640 placita,
1305 2542 1563 2641 quibus
1636 2544 2060 2620 credendum
2129 2545 2258 2633 sit,
2325 2545 2919 2635 commemoravit,
2988 2571 3047 2620 e.
3092 2570 3151 2622 c.
3200 2571 3419 2622 unum
3476 2574 3716 2624 verum
3808 2577 3817 2586 ·

671 2685 826 2735 esse
869 2661 1104 2736 Deum
1144 2663 1236 2756 13)
1259 2721 1278 2752 ,
1327 2687 1371 2737 a
1415 2662 1568 2737 Deo
1615 2687 1690 2738 se
1732 2665 1980 2740 exiisse
2020 2666 2156 2758 ¹⁴),
2203 2664 2431 2740 Patris
2482 2665 2761 2739 nomine
2808 2689 2883 2740 se
2930 2666 3197 2741 venisse
3238 2668 3373 2760 ¹⁶),
3420 2670 3715 2744 missum

671 2803 746 2854 se
791 2805 943 2856 esse
985 2807 1028 2856 a
1078 2781 1283 2857 Patre
1323 2783 1413 2874 13)
1437 2839 1457 2872 ,
1518 2784 1641 2882 qui
1663 2841 1682 2870 ,
1747 2792 2007 2883 quanto
2065 2783 2379 2859 homines
2426 2807 2657 2858 amore
2700 2790 3158 2883 prosequatur
3175 2844 3196 2874 ,
3243 2785 3317 2859 in
3366 2785 3518 2885 ipso
3576 2796 3715 2862 tra-

671 2901 901 2977 dendo
944 2902 1325 2978 ostenderit
1363 2903 1456 2995 17)
1474 2961 1494 2992 ,
1545 2903 1939 2980 Onms'ruu
1990 2931 2064 2982 se
2115 2929 2265 2980 esse
2284 2963 2304 2994 ,
2353 2906 2497 2980 Dei
2546 2904 2799 2978 Filium
2818 2961 2839 2991 ,
2888 2903 3055 2980 olim
3103 2905 3525 3003 promissum
3576 2910 3670 2999 ¹8)
3694 2965 3715 2998 ,

669 3022 918 3098 intima
984 3048 1147 3099 cum
1197 3024 1404 3099 Patre
1456 3024 1967 3099 necessitudine
2009 3024 2327 3100 iunctum
2371 3024 2467 3115 ¹⁹)
2490 3080 2511 3113 ,
2581 3020 2847 3096 venisse
2896 3046 2969 3096 se
3014 3030 3095 3096 ut
3141 3026 3333 3122 quod
3399 3026 3716 3125 periisset

672 3152 1031 3245 quaereret
1073 3152 1145 3219 et
1191 3152 1622 3219 conservaret
1655 3146 1755 3236 3ο)
1779 3202 1800 3234 ,
1850 3142 2194 3243 mortique
2223 3168 2298 3217 se
2337 3167 2464 3242 pro
2500 3141 2899 3217 hominibus
2938 3141 3237 3218 traderet
3268 3146 3408 3237 31),
3454 3171 3493 3219 e
3532 3170 3713 3220 mor-

671 3266 811 3339 tuis
882 3290 955 3339 se
1021 3264 1433 3341 suscitatum
1489 3288 1640 3339 esse
1659 3321 1680 3353 ,
1745 3264 2064 3364 adeoque
2129 3264 2425 3363 dignum
2448 3322 2469 3351 ,
2536 3263 2661 3362 qui
2707 3262 3053 3375 Dominus
3100 3272 3333 3339 noster
3378 3265 3714 3365 Deusque

673 3384 942 3460 dicatur
984 3388 1128 3478 33),
1179 3386 1348 3474 alia3
1398 3410 1889 3485 perversasque
1939 3385 2362 3461 Iudaeorum
2409 3384 2767 3483 opiniones
2820 3382 3257 3483 impugnavit
3296 3388 3424 3479 33).

765 3507 879 3582 Ita
925 3512 999 3581 et
1035 3507 1346 3605 Apostoli
1382 3505 1553 3581 fidei
1600 3504 1951 3581 obiectum
2003 3504 2329 3580 dixerunt
2381 3504 2827 3604 Evanyelium
2842 3562 2862 3593 ,
2911 3506 3359 3605 annqelium
3397 3508 3541 3580 Dei
3568 3508 3667 3600 ²⁴)
3692 3566 3714 3596 ,

665 3627 1118 3726 Evanyelium
1154 3628 1401 3703 salutis
1438 3634 1712 3701 nostrae
1742 3627 1842 3718 ²⁶)
1861 3684 1881 3713 ,
1928 3628 2196 3701 verbum
2233 3627 2378 3700 Dei
2410 3626 2549 3717 33),
2597 3625 2741 3699 Dei
2772 3626 3157 3724 salutisque
3188 3650 3553 3701 sermonem
3572 3628 3711 3719 37),

669 3748 1020 3823 veritatem
1077 3746 1176 3837 33)
1198 3803 1218 3832 ,
1289 3749 1606 3820 veritatis
1673 3770 2035 3821 sermonem
2091 3746 2190 3838 33)
2207 3803 2226 3834 ,
2276 3746 2462 3844 fidei
2511 3768 2847 3819 sermones
2890 3745 3033 3836 ⁸⁰);
3110 3743 3316 3841 verbo
3389 3770 3666 3820 omnem
3689 3804 3710 3833 ‚

670 3889 884 3962 quam
934 3892 976 3939 a
1028 3864 1392 3953 Cnms'm,
1465 3866 1668 3941 unico
1721 3889 1848 3940 suo
1893 3866 2236 3965 Magistro
2279 3866 2379 3957 ⁸¹)
2435 3872 2823 3963 acceptam,
2892 3863 3293 3939 hominibus
3341 3865 3714 3940 denuncia-

667 3992 823 4059 rent
870 3986 1005 4078 33),
1057 3984 1461 4059 doctrinam.
1562 3985 1809 4064 Quid?
1859 3985 2047 4084 quod
2097 3985 2190 4060 ad
2237 3984 2425 4061 illius
2474 3984 2873 4083 exemplum
2915 3990 3101 4059 certa
3150 3983 3361 4059 etiam
3413 3985 3665 4083 placita
3689 4044 3710 4073 ‚

668 4113 1028 4205 tamquam
1101 4106 1269 4180 fidei
1316 4104 1586 4180 obiecta
1639 4106 2156 4204 significarunt,
2227 4129 2514 4202 nempe:
2583 4104 2816 4177 Insma
2866 4127 3015 4177 esse
3062 4102 3496 4191 Omns-rou,
3568 4106 3711 4179 Dei

665 4226 922 4300 Filium
965 4227 1109 4319 33),
1161 4226 1426 4301 venisse
1477 4251 1637 4300 eum
1687 4227 1761 4300 in
1809 4250 2012 4301 carne
2051 4227 2150 4318 ³⁴)
2174 4284 2195 4314 ,
2261 4233 2556 4298 mortem
2600 4247 2765 4298 eum
2817 4248 2942 4322 pro
2988 4222 3190 4298 nobis
3243 4223 3571 4310 subiisse,
3640 4230 3713 4297 et

669 4371 708 4419 e
770 4346 1064 4421 mortuis
1124 4347 1535 4422 suscitatum
1591 4370 1741 4420 esse
1782 4347 1880 4439 ³⁵)
1901 4404 1921 4437 ,
1991 4345 2449 4422 constitutum
2511 4368 2552 4417 a
2614 4343 2767 4417 Deo
2830 4343 3143 4417 omnium
3204 4343 3589 4419 Dominum
3639 4346 3711 4416 et

665 4466 982 4541 Iudicem
1023 4466 1158 4559 33),
1221 4466 1510 4541 unicum
1565 4466 1924 4541 hominum
1971 4466 2538 4543 Conservatorem
2577 4463 2676 4555 37)
2700 4519 2719 4550 ,
2788 4464 2863 4537 in
2909 4487 3049 4561 quo
3102 4464 3300 4539 Deus
3361 4464 3711 4562 insignem

667 4610 876 4659 suum
928 4610 1094 4685 erga
1142 4586 1296 4661 illos
1348 4609 1652 4662 amorem
1709 4585 2104 4684 patefecerit
2146 4586 2245 4678 33)
2269 4644 2290 4673 ,
2351 4585 2508 4659 alia.
2606 4584 2762 4657 Imo
2813 4581 3059 4682 quanti
3111 4582 3397 4658 fecerint
3454 4582 3705 4658 doctri-

665 4730 830 4780 nam
850 4764 870 4794 ,
922 4731 1133 4805 quam
1174 4707 1555 4794 docebant,
1607 4704 1982 4806 unicuique
2031 4714 2316 4806 apparet
2333 4763 2354 4794 ,
2404 4702 2792 4781 attendenti
2834 4710 2991 4777 tum
3031 4702 3123 4777 ad
3156 4704 3499 4802 praeclara
3537 4726 3707 4778 non-

668 4826 866 4901 nulla
921 4826 1131 4903 effata
1148 4885 1169 4919 ,
1219 4826 1478 4928 quibus
1519 4823 1595 4901 id
1644 4825 1898 4900 diserte
1947 4826 2425 4926 significarunt
2462 4820 2561 4919 33)
2578 4882 2601 4919 ,
2648 4830 2805 4899 tum
2852 4823 2943 4901 ad
2986 4823 3263 4901 illorum
3302 4824 3555 4924 agendi
3603 4848 3707 4899 ra-

3129 4948 3165 5017 1
3179 4949 3215 5018 l
