4766 6034
1244 618 1328 695 10
2307 630 2376 697 F.
2460 630 2539 698 G.
2624 630 3214 705 KRIEGER

1237 837 1560 913 materies
1578 896 1598 928 ‚
1682 858 1903 938 quum
1985 838 2190 913 variis
2259 839 2336 913 in
2406 838 2701 941 singulis
2764 843 3133 941 provinciis
3153 902 3175 935 ,
3254 844 3717 945 agriculturae
3772 854 3844 923 et
3894 850 4222 929 medicinae

1233 958 1513 1058 publice
1559 960 1954 1036 constitutis
2002 958 2338 1037 sodalitiis
2361 1020 2382 1051 ,
2433 964 2660 1047 socius
2702 964 3231 1043 adscriberetur.

1331 1082 1542 1157 Anno
1607 1082 1798 1157 1803
1867 1082 2184 1158 Rectoris
2244 1083 2600 1183 magnifici
2668 1084 2743 1159 in
2806 1076 3227 1162 Academia*
3244 1085 3777 1163 Hardervicensi
3832 1113 4098 1167 munere
4140 1118 4224 1168 so·

1232 1202 1446 1278 lemni
1517 1202 1888 1278 defunctus
1960 1211 2066 1278 est
2140 1204 2447 1280 oratione
2522 1205 2655 1280 ade
2720 1202 3142 1305 praestantia
3205 1206 3513 1282 chemise
3580 1208 3975 1285 recentioris
4018 1211 4085 1287 in
4125 1238 4223 1287 na·

1227 1332 1426 1399 turae
1473 1333 1546 1399 et
1590 1325 1758 1400 artis
1801 1324 2296 1425 phaenomenis
2339 1326 2839 1426 explicandis.”

1325 1446 1538 1521 Anno
1602 1448 1790 1521 1808
1869 1447 2409 1523 ΒΕιΝπΑιιυτιο
2428 1508 2447 1537 ,
2498 1472 2540 1523 a
2589 1470 2877 1523 munere
2922 1448 3319 1524 academico
3362 1457 3645 1525 avocato
3667 1507 3688 1538 ,
3748 1450 3884 1527 alia
3924 1451 4229 1551 provincia

1224 1567 1640 1645 demendata
1701 1574 1846 1656 est;
1899 1568 2156 1643 etenim
2205 1569 2590 1667 praefectus
2630 1578 2738 1644 est
2780 1596 2823 1646 a
2872 1569 3229 1645 Ludovico
3284 1570 3485 1670 Rege
3534 1570 3751 1645 hortis
3786 1571 4133 1671 aofilogicis
4174 1582 4229 1645 et

1221 1686 1558 1763 botanicis
1606 1688 1850 1787 regiis,
1904 1696 2052 1763 tum
2099 1690 2461 1766 Haarlemi
2513 1689 2891 1765 instructis.

1223 1824 1230 1829 ·
1317 1808 1585 1883 Eodem
1633 1832 1818 1883 anno
1866 1810 2000 1884 alio
2045 1810 2302 1885 honore
2349 1818 2597 1886 auctus
2644 1818 2780 1902 est,
2839 1832 3064 1910 quum
3110 1808 3375 1908 primae
3412 1810 3651 1886 classis
3692 1812 4011 1886 Institnti
4048 1812 4231 1889 Neer-

1216 1928 1472 2004 landici
1521 1928 1729 2029 Regii
1783 1929 1986 2004 sociis
2035 1929 2549 2005 adscisceretur.

1321 2047 1702 2125 Hollandia
1748 2050 1821 2129 in
1875 2050 2166 2125 formam
2189 2052 2577 2151 provinciae
2601 2052 2886 2153 gallicae
2912 2051 3191 2126 redacta
3211 2110 3230 2140 ‚
3280 2048 3862 2127 Rmnmnnnus
3890 2050 3965 2125 in
3988 2050 4068 2125 iis
4090 2051 4233 2137 fuit,

1221 2170 1483 2267 quibus
1553 2194 1814 2244 munus
1879 2170 2327 2269 ademptum3
2401 2170 2601 2245 cuius
2674 2170 2976 2247 iacturae
3046 2193 3205 2245 vero
3272 2192 3435 2243 mox
3518 2170 3942 2267 praeclaram
4006 2170 4234 2268 accepit

1213 2290 1746 2367 indemnitatem
1767 2350 1787 2379 ,
1839 2314 2062 2390 quum
2103 2290 2176 2365 in
2219 2291 2583 2367 Athenaeo
2616 2291 2868 2367 iHustri
2899 2289 3531 2367 Amstelodamensi
3575 2290 3921 2389 professor
3964 2290 4233 2365 chemise

1211 2419 1283 2485 et
1355 2409 1791 2510 pharmaciae
1855 2412 2437 2488 extraordinarius
2462 2472 2482 2501 ,
2557 2412 2887 2488 historiae
2950 2437 3112 2486 vero
3183 2410 3527 2487 naturalis.
3574 2411 3969 2487 ordinarius
4008 2436 4236 2487 creare-

1216 2539 1335 2606 tur
1357 2590 1378 2620 ,
1427 2531 1640 2630 idque
1690 2554 1954 2606 munus
2003 2531 2117 2606 die
2169 2532 2417 2631 quinto
2461 2532 2721 2609 mensis
2772 2532 3191 2609 Novembris
3246 2534 3436 2606 1810
3476 2532 3879 2641 auspicatus
3926 2541 4065 2621 est,
4110 2558 4231 2609 ora-

1069 2704 1078 2711 .
1205 2650 1394 2724 tione
1457 2648 1700 2726 habita
1754 2651 1886 2725 nde
1935 2651 2244 2728 chemise
2295 2658 2368 2728 et
2412 2652 2739 2727 historiae
2782 2650 3121 2728 naturalis
3174 2651 3437 2736 studiis
3470 2659 3655 2727 recte
3694 2652 4195 2729 instituendis.”

1304 2771 1462 2846 Hac
1527 2771 1601 2846 in
1671 2771 1978 2847 oratione
2046 2796 2434 2873 perversam
2460 2830 2483 2862 ‚
2556 2797 2768 2873 quam
2815 2773 2890 2847 in
2944 2772 3337 2849 excolendis
3402 2770 3785 2873 disciplinis
3830 2771 4237 2849 naturalibus

1205 2916 1346 2966 non
1393 2916 1546 2967 raro
1603 2893 1802 2991 sequi
1857 2893 2172 2969 solebant
2218 2894 2555 2969 rationem
2578 2954 2597 2983 ,
2646 2894 3075 2969 demonstrat
3099 2953 3118 2982 ‚
3167 2893 3239 2967 in
3286 2892 3439 2991 ipsa
3488 2892 3777 2969 scientia
3824 2914 4057 2993 neque
4099 2916 4233 2967 auc-

1201 3012 1480 3090 toritate
1517 3037 1746 3115 neque
1795 3013 2298 3091 consuetudine
2339 3014 2776 3112 abutendum
2822 3039 2974 3092 esse
2990 3073 3010 3106 ,
3059 3038 3513 3113 normamque
3562 3014 3888 3115 proponit
3926 3014 4019 3091 ad
4050 3037 4235 3114 quam

1199 3134 1560 3234 inquisitio
1612 3142 1902 3212 naturae
1951 3135 2044 3210 sit
2095 3136 2461 3237 dirigenda
2475 3194 2498 3226 ,
2556 3145 2637 3212 ut
2696 3162 2783 3212 ex
2836 3161 2919 3212 ea
2962 3135 3299 3211 uberrimi
3348 3133 3617 3211 fruetus
3664 3135 3931 3236 percipi
3974 3134 4233 3236 possint.

1297 3255 1804 3332 Amstelodami
1867 3279 2146 3356 quoque
2199 3256 2622 3358 provinciam
2683 3256 2818 3332 sibi
2865 3255 3169 3332 delatam
3212 3255 3456 3330 sedulo
3496 3256 3705 3344 obiit,
3756 3256 4231 3354 agriculturae,

1204 3375 1623 3451 fabricarum
1641 3435 1662 3466 ,
1731 3376 2114 3452 medicinae
2134 3435 2154 3467 ‚
2206 3377 2641 3477 pharmaciae
2656 3436 2677 3467 ‚
2726 3375 3159 3476 temporibus
3199 3385 3409 3474 atque
3460 3374 3847 3452 rationibus
3907 3373 4233 3476 perpensis

1199 3521 1278 3570 ac
1357 3496 1734 3597 perspectis
1821 3505 2306 3597 quantumque
2363 3497 2593 3598 potuit
2660 3499 3015 3596 promotis.
3118 3497 3325 3571 Unus
3404 3497 3540 3572 fuit
3604 3523 3691 3572 ex
3760 3497 3848 3572 iis
3920 3498 4041 3596 qui
4102 3503 4232 3570 tum

1199 3616 1503 3692 diarium
1549 3616 1901 3692 medicum
1951 3617 2289 3707 edebant3
2361 3618 2738 3693 certamine
2802 3617 3100 3693 literario
3157 3617 3321 3691 cum
3370 3643 3413 3692 a
3470 3619 3793 3694 societate
3854 3617 4232 3716 Teyleriana

1203 3745 1355 3811 tum
1422 3764 1465 3813 a
1527 3737 1823 3813 Neerlan
1831 3737 1982 3814 dica
2003 3798 2022 3827 ,
2094 3762 2274 3837 quae
2326 3739 2580 3822 dicitur
2632 3739 2991 3814 Haarlemi
3009 3796 3028 3827 ‚
3095 3739 3448 3838 proposito
3467 3794 3487 3827 ‚
3554 3739 4089 3838 programmatis
4134 3735 4232 3808 ille

1201 3880 1326 3956 pro
1375 3865 1569 3956 parte
1613 3864 1686 3933 et
1731 3865 1971 3933 auctor
2022 3858 2318 3958 diligens
2371 3864 2443 3931 et
2492 3865 2817 3933 strenuus
2868 3856 3081 3932 iudex
3136 3855 3421 3931 exstitit.

1296 3976 1599 4076 Imperio
1635 3977 2138 4077 Napoleontico
2182 3978 2523 4054 exstincto
2541 4037 2561 4068 ,
2613 4001 2835 4078 quum
2868 3977 3257 4077 provinciae
3302 3975 3798 4052 transmarinae
3836 3977 3917 4052 in
3948 3983 4227 4051 nostram

1195 4095 1531 4172 ditionem
1579 4097 1883 4173 redirent
1935 4105 2147 4191 (armo
2203 4101 2469 4192 1815),
2534 4099 2945 4175 mandatum
2992 4107 3099 4172 est
3145 4098 3686 4174 anwann'rlo
3749 4104 3832 4171 ut
3876 4097 3955 4172 in
4004 4097 4229 4170 Javam

1191 4217 1494 4294 insulam
1545 4242 1618 4294 se
1665 4218 2004 4293 conferret
2017 4279 2036 4308 ,
2087 4219 2212 4293 ubi
2254 4219 2340 4293 iis
2360 4278 2381 4309 ,
2447 4242 2628 4318 quae
2671 4219 2761 4295 ad
2792 4218 3285 4319 agriculturam
3301 4275 3319 4306 ,
3354 4223 3539 4292 artes
3569 4217 4058 4316 doctrinasque
4094 4237 4227 4313 per·

1173 4337 1490 4414 .tinerent
1508 4397 1528 4426 ,
1586 4363 1714 4439 pro
1775 4337 1953 4413 virili
2008 4348 2204 4439 parte
2260 4339 2697 4439 prospiceret.
2798 4339 3049 4439 Neque
3098 4340 3268 4415 haec
3325 4339 3771 4414 detrectanda
3818 4361 3975 4413 esse
4022 4337 4226 4410 Ram·

1189 4481 1574 4534 wann‘rms
1623 4459 2081 4549 existimavit,
2118 4460 2211 4535 ad
2253 4483 2545 4535 munera
2587 4485 2800 4559 quam
2846 4461 3133 4535 maximi
3182 4461 3522 4538 momenti
3542 4487 3587 4537 a
3616 4460 4011 4560 Republica
4056 4481 4227 4532 voca·

1191 4577 1433 4666 batur,
1503 4578 1760 4676 quibus
1823 4603 1962 4654 non
2013 4581 2237 4678 aptior
2283 4581 2469 4656 ullus
2531 4579 2729 4656 facile
2772 4581 3233 4672 inveniretur3
3300 4582 3585 4681 insuper
3630 4581 3809 4656 illud
3860 4580 4043 4656 vitae
4090 4601 4227 4652 cur-

1195 4695 1492 4772 riculum
1512 4755 1533 4786 ‚
1575 4721 1701 4796 pro
1743 4723 1884 4798 quo
1937 4700 2210 4800 saepius
2271 4699 2534 4776 sincera
2584 4708 2743 4775 vota
2792 4710 3196 4801 conceperat
3214 4760 3234 4791 ,
3301 4703 3403 4778 illi
3460 4726 3675 4802 quam
3730 4700 4037 4776 maxime
4076 4695 4227 4773 arri·

1193 4814 1439 4892 debat:
1502 4823 1826 4895 naturam
1889 4820 2076 4897 enim
2145 4819 2559 4919 perscrutari
2618 4821 2853 4899 iussus
2900 4831 3008 4898 est
3059 4821 3135 4896 in
3204 4823 3291 4899 iis
3343 4821 3745 4924 regionibus
3763 4880 3785 4912 ,
3844 4821 3923 4896 in
3985 4816 4229 4919 quibus
