4766 6034
1857 655 2413 724 ORATIO.
3259 639 3283 665 ’
3568 657 3653 721 ss

617 893 914 971 rumque
960 866 1452 945 fabricatorum
1504 865 1784 966 ingenio
1839 867 1946 942 vel
1992 867 2224 966 potius
2269 866 2596 942 manibus
2652 871 2759 940 est
2817 865 3096 941 credita.
3194 866 3335 940 Eos
3380 891 3539 941 vero
3575 867 3650 941 in

615 992 814 1066 mali·
849 998 1171 1066 naturam
1241 1013 1382 1063 non
1431 995 1826 1087 penetrasse
1849 1046 1870 1076 ‚
1933 987 2058 1062 sed
2111 987 2548 1062 solummodo
2614 986 2788 1084 quid
2836 985 3313 1061 instrumentis
3377 986 3651 1062 mecha-

612 1109 764 1186 nioe
810 1109 985 1186 effici
1031 1109 1252 1208 possit
1291 1133 1442 1182 esse
1490 1107 1908 1209 periclitatos
1926 1165 1946 1197 ,
1997 1106 2112 1180 vix
2153 1107 2389 1182 minus
2434 1115 2541 1182 est
2578 1105 2988 1205 ambiguum
3011 1164 3030 1194 ‚
3083 1130 3293 1205 quam
3334 1106 3651 1181 trochleis

609 1228 1120 1327 momentisque
1183 1227 1356 1302 tales
1408 1225 1886 1301 difformitates
1947 1225 2280 1300 radicitus
2344 1251 2485 1301 non
2543 1251 2745 1326 posse
2802 1225 2971 1300 tolli.
3072 1227 3321 1323 Itaque
3382 1226 3455 1300 in
3504 1225 3647 1300 chi·
3733 1213 3761 1224 ‘

609 1346 882 1447 rurgiae
949 1354 1314 1446 tamquam
1379 1347 1578 1422 horto
1647 1346 1894 1421 sterilis
1964 1347 2210 1422 haecce
2263 1345 2519 1422 frustra
2566 1345 2917 1421 colebatur
2970 1345 3172 1422 arbor
3191 1404 3212 1435 ‚
3274 1353 3346 1420 et
3390 1371 3655 1447 aequa-

609 1466 792 1541 libus
835 1466 1122 1544 demum
1165 1467 1430 1544 aridam
1469 1474 1994 1566 emortuamque
2032 1491 2255 1566 paene
2296 1466 2608 1541 arborem
2649 1466 2940 1541 invitam
2972 1490 3284 1542 revocare
3322 1467 3646 1567 contigit,

610 1611 788 1684 quae
833 1586 974 1662 iam
1026 1588 1207 1663 laete
1248 1588 1544 1678 effloret,
1593 1587 1928 1687 novisque
1975 1588 2048 1663 in
2095 1588 2242 1662 dies
2283 1586 2465 1661 foliis
2511 1585 2989 1686 fructibusque
3029 1595 3331 1663 ornatur.
3431 1588 3646 1663 Intel-

607 1707 868 1782 lectum
925 1715 1034 1782 est
1100 1733 1338 1784 earum
1407 1708 1932 1784 difformitatum
1986 1733 2126 1783 non
2173 1731 2447 1806 semper
2490 1706 2769 1781 easdem
2825 1731 2973 1780 esse
3025 1732 3267 1782 causas
3315 1732 3443 1783 nec
3486 1702 3675 1784 ean-'

609 1825 768 1901 dem
813 1835 1136 1904 naturam
1158 1888 1179 1918 ‚
1225 1830 1655 1906 intellectum
1697 1837 1803 1904 est
1827 1853 1944 1904 eas
1977 1829 2186 1904 modo
2225 1853 2389 1903 cum
2438 1827 2567 1902 hoc
2584 1888 2603 1915 ‚
2655 1827 2863 1901 modo
2902 1853 3064 1902 cum
3102 1828 3251 1918 illo,
3290 1829 3647 1904 cohaerere

606 1947 849 2022 morbo
863 2007 884 2037 ‚
949 1975 1170 2049 eoque
1241 1950 1526 2025 demum
1579 1957 1936 2050 perspecto
1992 1949 2387 2024 discrimine
2452 1947 2969 2048 prudentiorem
2985 1993 2993 1998 -
3012 1948 3287 2024 institui
3325 1975 3525 2051 posse
3580 1959 3651 2026 et

607 2067 860 2143 rationi
905 2070 1130 2169 magis
1181 2079 1713 2146 consentaneam
1756 2070 2154 2146 morborum
2199 2068 2646 2145 curationem.
2748 2069 3061 2144 Multum
3096 2069 3379 2168 quidem
3414 2071 3649 2161 abest,

609 2196 688 2262 ut
752 2188 840 2264 de
895 2190 1106 2265 huius
1149 2191 1375 2266 morbi
1422 2191 1842 2291 pathogenia
1893 2196 1964 2266 et
2009 2189 2320 2288 therapia
2368 2191 2551 2263 inter
2597 2213 2837 2264 omnes
2878 2191 3273 2279 conveniat,
3342 2192 3466 2267 sed
3486 2217 3648 2266 em-

605 2309 782 2409 piria
817 2334 1106 2411 regnare
1145 2295 1391 2400 desiit}
1440 2337 1579 2386 non
1619 2313 1919 2412 amplius
1954 2310 2260 2410 prudens
2299 2309 2667 2409 chirurgus
2705 2310 3187 2386 instrumentis
3238 2313 3652 2388 mechanicis

607 2430 973 2529 lectisque,
1015 2431 1139 2530 qui
1178 2433 1564 2508 Procrustis
1607 2433 1863 2508 lectum
1910 2432 2308 2519 imitantur,
2367 2430 2664 2505 salutem
2705 2430 2973 2529 quaerit
2991 2490 3010 2520 ‚
3060 2433 3186 2506 sed
3232 2432 3647 2538 dynamiciS‚

607 2550 988 2626 diaeteticis
1063 2552 1617 2660 mechanicisque
1679 2553 1848 2628 scite
1891 2552 2274 2627 coniunctis
2315 2551 2661 2626 remediis.
2761 2551 3113 2652 Imprimis
3150 2561 3385 2628 nostra
3420 2561 3645 2629 aetate

605 2677 1050 2770 perspectum
1146 2679 1252 2747 est
1341 2679 1413 2747 et
1483 2672 1726 2747 multis
1797 2671 2176 2748 felicissimi
2263 2679 2554 2747 eventus
2635 2671 2969 2770 exemplis
3060 2671 3609 2748 demonstratum
3630 2733 3651 2764 ‚

606 2791 1071 2889 gymnastiam
1117 2791 1192 2866 in
1252 2801 1774 2868 curvaturarum
1827 2792 2199 2892 spinalium
2235 2792 2589 2868 curatione
2639 2790 2987 2890 insignem
3025 2817 3357 2892 occupare
3396 2794 3650 2872 locum.

606 2910 758 2986 Iam
817 2909 944 2985 diu
997 2918 1134 3001 est,
1208 2937 1294 2987 ex
1355 2938 1496 3013 quo
1545 2913 1709 2988 huic
1757 2914 2100 2989 tollendae
2149 2913 2581 2989 difformitati
2623 2912 3139 2988 exercitationes
3184 2915 3656 3012 gymnasticae

608 3031 924 3107 adhiberi
982 3041 1149 3108 sunt
1207 3043 1490 3135 coeptae
1509 3094 1528 3124 ‚
1592 3036 1718 3111 sed
1773 3035 1902 3110 hac
1960 3060 2236 3134 quoque
2305 3034 2473 3109 artis
2535 3040 2733 3134 parte
2785 3040 3020 3117 nostra
3084 3040 3309 3107 aetate
3364 3034 3655 3111 ulterius

609 3175 854 3226 sumus
919 3154 1283 3253 progressi.
1385 3156 1631 3235 Quum
1687 3156 1884 3230 'enim
1919 3156 2417 3255 intelligeretur
2459 3177 2951 3253 saepenumero
3004 3153 3381 3229 anomalias
3443 3179 3653 3255 appa-

607 3279 802 3347 ratus
845 3274 1122 3348 motorii
1165 3283 1689 3353 curvaturarum
1729 3301 1879 3351 esse
1921 3300 2201 3351 causam
2223 3335 2244 3365 ‚
2293 3275 2367 3350 in
2409 3273 2747 3351 auxilium
2790 3280 3027 3349 vocata
3060 3273 3242 3348 thesi
3277 3274 3657 3352 certissima

611 3398 680 3465 et
726 3392 1081 3469 verissima
1127 3420 1340 3494 quam
1387 3420 1566 3494 quae
1605 3397 1943 3485 maxime,
1985 3420 2142 3471 ossa
2169 3397 2312 3470 fere
2355 3394 2966 3496 sequi·impulsum
2996 3396 3367 3470 motorium
3383 3454 3404 3483 ,
3446 3420 3659 3494 quem

609 3537 652 3586 a
731 3513 1068 3588 musculis
1137 3514 1566 3615 acciperent,
1627 3517 2155 3617 §musculosque
2226 3517 2413 3617 ipsos
2494 3515 2875 3591 exercendo
2948 3514 3369 3591 corrobarari
3386 3575 3406 3604 ‚
3488 3516 3617 3591 hac
3636 3574 3657 3605 ,
3778 3596 3789 3607 κ

609 3630 896 3729 inquam
917 3691 936 3721 ‚
986 3634 1062 3708 in
1116 3635 1452 3710 auxilium
1499 3642 1736 3712 vocata
1780 3637 2000 3727 thesi,
2049 3644 2214 3713 nata
2235 3643 2342 3711 est
2366 3637 2761 3737 gymnastia
2780 3695 2799 3724 ,
2852 3637 3053 3711 cuius
3076 3635 3188 3711 hic
3215 3635 3659 3736 potissimum

611 3757 758 3824 erat
805 3751 995 3841 linia,
1051 3760 1134 3827 ut
1191 3755 1695 3856 corrigerentur
1741 3757 2042 3832 musculi
2059 3816 2079 3847 ,
2132 3758 2256 3856 qui
2300 3782 2461 3833 cum
2489 3756 2643 3857 ipsa
2688 3756 3153 3832 difformitatis
3199 3757 3363 3832 sede
3413 3756 3655 3832 cohae-

610 3877 785 3946 rent.
857 3872 988 3946 Est
1031 3874 1404 3950 methodus
1454 3902 1497 3951 a
1533 3876 1804 3953 L1Nc1o
1852 3878 2238 3978 excogitata
2255 3937 2276 3967 ‚
2327 3902 2540 3976 quam
2564 3878 2720 3953 volo
2742 3936 2762 3967 ,
2814 3902 3133 3977 quaeque
3156 3877 3485 3953 omnibus
3514 3877 3654 3953 iam
3771 3916 3777 3923 ·

613 3990 1106 4088 plaudentibus
1148 3995 1541 4072 introducta
1588 3997 2124 4097 felicissimeque
2167 3997 2549 4072 identidem
2594 4022 2918 4071 successu
2972 4006 3079 4072 est
3122 4004 3462 4072 coronata.

711 4112 854 4187 Sed
923 4120 1004 4187 ut
1075 4115 1238 4190 vitia
1307 4116 1795 4217 orthopaedica
1814 4177 1833 4207 ‚
1903 4118 2242 4217 imprimis
2313 4124 2719 4191 curvaturae
2770 4142 2943 4215 quas
2989 4116 3135 4191 dixi
3160 4174 3179 4205 ,
3254 4115 3385 4191 rite
3433 4117 3656 4191 curari

615 4230 921 4327 possint,
987 4256 1164 4331 opus
1226 4241 1332 4307 est
1373 4240 1456 4308 ut
1503 4235 1626 4311 tali
1670 4235 2114 4311 difformitate
2159 4236 2551 4311 laborantes
2600 4236 2731 4311 sub
2775 4236 3027 4312 medici
3066 4237 3300 4311 oculos
3344 4238 3415 4310 in
3458 4236 3642 4311 aedi-

616 4349 788 4426 ficiis
860 4351 1155 4451 degant,
1224 4354 1595 4430 exstructis
1663 4356 1800 4446 ita,
1871 4365 1951 4430 ut
1995 4356 2160 4431 huic
2205 4356 2330 4430 uni
2379 4356 2505 4429 fini
2560 4356 2975 4445 inserviant,
3057 4356 3381 4430 instituta
3424 4354 3653 4429 ortho-

617 4472 904 4569 paedica
967 4480 1310 4549 nostrates
1371 4475 1743 4574 appellant.
1861 4476 2077 4551 Plane
2149 4476 2515 4574 peculiaris
2588 4476 2773 4550 enim
2845 4476 3135 4574 eiusque
3184 4475 3439 4549 indolis
3490 4482 3655 4549 sunt

618 4590 955 4680 remedia,
1000 4592 1263 4691 quibus
1310 4594 1633 4695 chirurgo
1685 4596 1759 4670 in
1802 4596 1991 4671 hisce
2031 4595 2292 4670 morbis
2337 4603 2445 4671 est
2486 4596 2826 4670 utendum
2848 4653 2867 4685 ,
2918 4603 3000 4670 ut
3042 4596 3115 4671 in
3157 4596 3363 4670 domo
3383 4594 3651 4694 privata

621 4710 725 4783 vel
769 4712 1200 4810 amplissima
1239 4722 1312 4789 et
1355 4714 1742 4790 lautissima
1783 4716 1996 4791 finem
2043 4717 2475 4817 propositum
2523 4717 2635 4792 vix
2670 4742 2751 4792 ac
2795 4741 2881 4791 ne
2919 4716 3030 4792 vix
3062 4717 3347 4817 quidem
3375 4717 3653 4817 assequi

622 4831 858 4927 possit.
959 4834 1175 4911 Nulla
1216 4834 1359 4911 fere
1395 4842 1503 4911 est
1541 4835 1880 4913 maiorum
1927 4838 2246 4936 Europae
2285 4837 2569 4914 urbium
2586 4896 2607 4928 ‚
2652 4838 2823 4936 quin
2867 4838 2939 4912 in
2980 4861 3063 4913 ea
3099 4838 3235 4912 tale
3259 4834 3650 4913 aedificium

3126 4960 3169 5033 6
