4766 6034
1130 623 1260 692 194
2234 629 2284 695 1.
2354 627 2431 696 A.
2503 628 2570 696 C.
2641 628 3075 701 ROVERS

1122 834 1265 933 ligo
1312 841 1382 908 et
1423 834 1790 909 concludo:
1858 858 2079 931 quum
2128 842 2316 910 aetas
2363 842 2599 909 nostra
2653 859 2929 911 summa
2975 861 3106 936 ope
3151 837 3418 912 nitatur
3439 896 3460 925 ,
3515 846 3594 914 ιιι
3635 839 4174 945 Historiologiae

1117 952 1572 1030 fundamenta
1636 963 2171 1055 cognoscantur,
2237 954 2605 1030 firmentur
2648 964 2720 1030 et
2777 957 3285 1057 amplificentur
3306 1016 3326 1047 ,
3400 958 3563 1034 huic
3617 961 3734 1037 issa
3791 963 4170 1062 plurimum

1116 1074 1317 1150 favet.

1212 1315 1352 1391 Sed
1391 1314 1637 1390 eadem
1676 1314 2033 1413 quaeritur
2068 1338 2237 1389 num
2292 1314 2423 1390 hoc
2467 1315 2706 1390 ardore
2761 1316 2932 1391 adeo
2975 1315 3356 1393 delectetur
3374 1378 3397 1408 ,
3449 1329 3529 1393 ut
3580 1346 3708 1395 suo
3755 1346 3830 1397 se
3879 1343 4163 1397 munere

1107 1437 1419 1511 functam
1476 1460 1625 1511 esse
1671 1441 1987 1522 censeat,
2035 1459 2284 1533 parum
2336 1460 2588 1511 curans
2613 1493 2632 1524 ,
2683 1460 3042 1535 quaenam
3094 1436 3203 1511 his
3259 1438 3735 1515 fundamentis
3777 1450 4162 1539 superstru-

1104 1563 1349 1646 antur,
1418 1580 1708 1645 aurum,
1772 1564 2178 1655 argentum,
2250 1580 2616 1655 gemmae,
2683 1579 2773 1631 an
2844 1581 3003 1631 vero
3070 1556 3316 1632 fenum
3377 1566 3450 1632 et
3501 1559 3809 1658 stipula?
3875 1560 4162 1649 Dicam,

1102 1678 1294 1776 quod
1340 1678 1602 1766 sentio,
1653 1701 1875 1774 eoque
1918 1676 2308 1765 lubentius,
2338 1701 2501 1775 .quo
2535 1676 2798 1751 facilior
2838 1676 3007 1751 haec
3050 1684 3158 1751 est
3203 1677 3296 1751 ad
3335 1680 3552 1779 §osam
3593 1678 4163 1814 Historiologiam

1098 1798 1231 1871 via.
1332 1798 1427 1871 Et
1487 1782 1663 1872 mih‘i
1723 1796 2009 1895 quidem
2054 1797 2424 1897 cogitanti,
2462 1796 2648 1894 quid
2695 1795 3156 1870 diutissime
3133 1820 3208 1871 m
3249 1820 3484 1873 rerum
3527 1806 3883 1899 gestarum
3929 1801 4161 1899 cogni-

1101 1917 1291 1991 tione
1363 1916 1811 2017 praecipuum
1884 1917 2112 1991 visum
2174 1917 2306 2006 sit,
2357 1917 2540 1991 bella
2583 1923 2954 1992 occurrunt
3007 1922 3080 1989 et
3129 1914 3272 1990 fata
3319 1916 3714 2018 principum
3767 1925 3839 1993 et
3881 1919 4160 2053 politica

1098 2037 1419 2136 gentium
1479 2036 1783 2112 conditio
1844 2043 2057 2135 atque
2117 2037 2574 2113 necessitudo.
2673 2036 2873 2112 Haec
2922 2060 3065 2135 quo
3115 2034 3374 2110 arctius
3422 2037 3567 2112 suis
3611 2038 3891 2138 singula
3935 2040 4160 2114 causis

1094 2182 1277 2233 nexa
1326 2180 1589 2257 suoque
1637 2157 1889 2232 effectu
1946 2166 2303 2257 tamquam
2359 2158 2614 2256 stipata
2661 2158 2736 2231 in
2785 2156 3198 2257 scriptorum
3246 2156 3575 2254 operibus
3617 2158 4029 2257 prodibant,
4079 2182 4160 2232 eo

1094 2278 1313 2353 maior
1356 2278 1449 2354 ad
1494 2278 1645 2377 ipsa
1693 2286 2006 2378 tempora
2044 2278 2495 2379 intelligenda
2546 2277 2936 2379 progressio
2979 2276 3163 2351 facta
3207 2298 3360 2351 esse
3407 2276 3840 2354 censebatur.
3944 2278 4157 2357 Quod

1092 2422 1213 2472 vos
1235 2457 1255 2488 ‚
1327 2399 1417 2475 A.
1441 2398 1531 2473 A.
1554 2456 1575 2487 ,
1646 2422 1882 2474 vereor
1937 2406 2019 2474 ut
2080 2398 2388 2497 probetis
2408 2457 2429 2488 ,
2496 2400 2629 2489 sic,
2701 2398 2838 2473 nisi
2911 2396 3219 2489 multum
3283 2393 3482 2471 fallor
3501 2453 3524 2485 ,
3599 2404 4021 2487 statuenteS,
4083 2398 4156 2471 in

1088 2517 1199 2591 his
1220 2575 1240 2606 ‚
1293 2516 1453 2591 licet
1500 2516 1789 2619 minime
1836 2517 2344 2592 contemnenda
2390 2516 2567 2605 sint,
2615 2539 2758 2592 non
2803 2522 3038 2590 tamen
3093 2514 3187 2590 ad
3239 2538 3391 2591 rem
3441 2516 3922 2591 difficillimam
3971 2540 4152 2592 asse-

1088 2636 1441 2736 quendam
1485 2636 1710 2736 posita
1756 2660 1909 2711 esse
1954 2635 2209 2711 omnia.
2309 2637 2500 2713 Nam
2545 2637 2824 2736 saepius
2879 2635 3244 2710 hominum
3302 2634 3676 2711 liberaliter
3719 2637 4151 2712 eruditorum

1088 2778 1440 2831 sermones
1506 2755 1861 2844 indicant,
1932 2755 2067 2832 alia
2126 2762 2396 2831 exstare
2463 2757 2749 2851 multa„
2789 2780 2969 2857 quae
3031 2754 3119 2830 iis
3185 2753 3508 2854 diligenti
3573 2757 4151 2833 commentatione

1088 2898 1503 2976 summaque
1558 2874 2109 2976 investigationis
2164 2876 2575 2952 assiduitate
2635 2875 2850 2976 digna
2900 2875 3287 2951 videantur.
3399 2873 3554 2950 Hos
3601 2882 3845 2951 tenent
3891 2876 4150 2950 ordinis

1082 2996 1341 3098 plebeii
1402 2997 1477 3073 in
1537 2997 1815 3075 civitate
1876 3004 2107 3097 partes
2154 3004 2226 3074 et
2271 2997 2556 3098 quaevis
2603 2997 3055 3074 commutatio
3072 3037 3118 3086 ‚·
3144 3021 3356 3095 quam
3404 2997 3605 3073 affert
3649 2997 3759 3074 vel
3801 2998 4147 3098 praesagit

1084 3140 1371 3194 suarum
1416 3117 1491 3194 in
1532 3143 1615 3194 eo
1658 3119 1910 3194 virium
1958 3118 2416 3194 conscientia:
2469 3118 2571 3193 illi
2621 3125 2804 3193 artes
2847 3126 2919 3192 et
2960 3115 3194 3190 literas
3249 3115 3736 3215 undecumque
3787 3115 4030 3192 allatas
4073 3111 4146 3191 in

1082 3261 1201 3312 ore
1252 3236 1554 3327 habent,
1622 3239 2053 3336 laudantque
2107 3245 2179 3312 et
2224 3239 2353 3312 has
2399 3236 2856 3313 humanitatis
2901 3243 3114 3310 testes
3161 3243 3276 3324 et,
3325 3236 3572 3310 eodem
3619 3235 3902 3312 nomine
3949 3262 4142 3336 prae-

1080 3357 1413 3433 dicandas
1431 3415 1451 3446 ‚
1516 3358 1914 3458 linguarum
1978 3357 2381 3456 quatumvis
2446 3358 2774 3456 reliquias
2833 3364 2988 3430 tum
3035 3357 3245 3432 etiam
3295 3356 3746 3432 traditionum
3763 3415 3788 3444 ,
3833 3357 4100 3432 rituum
4119 3416 4140 3446 ,

1081 3476 1563 3552 institutorum
1584 3536 1604 3565 ‚
1670 3500 1980 3564 morum,
2042 3476 2302 3550 iurium
2346 3485 2434 3550 et
2493 3476 2901 3577 opinionum
2943 3475 3206 3550 nullius
3251 3499 3390 3552 non
3442 3476 3656 3552 seculi
3703 3476 4138 3552 varietatem:

1084 3595 1325 3670 multis
1378 3597 1641 3670 mentio
1702 3597 1829 3671 soli
1850 3653 1870 3682 ‚
1918 3597 2346 3670 officinarum
2367 3655 2387 3683 ‚
2437 3605 2865 3672 mercaturae
2886 3654 2906 3685 ‚
2955 3596 3411 3693 institutionis
3453 3605 3528 3672 et
3573 3597 3973 3696 disciplinae
4015 3623 4134 3698 po-

1084 3713 1347 3813 pularis
1402 3738 1781 3813 eorumque
1846 3715 2159 3790 omnium
2183 3774 2205 3804 ,
2276 3739 2458 3813 quae
2526 3723 2672 3791 tam
2733 3716 2808 3790 in
2865 3716 3246 3790 incolarum
3295 3717 3688 3792 conditione
3728 3725 3800 3791 et
3842 3717 4138 3792 civitatis

1086 3835 1307 3910 salute
1354 3858 1569 3934 quam
1614 3835 1688 3909 in
1736 3834 2219 3910 coniunctione
2264 3835 2586 3934 gentium
2637 3834 2779 3910 vim
2817 3835 3079 3911 habent
3101 3893 3123 3925 ‚
3173 3835 3346 3911 adeo
3386 3845 3586 3936 grata
3631 3845 3779 3926 est,
3829 3843 3910 3911 ut
3932 3894 3954 3926 ‚
3995 3861 4137 3936 quo

1084 3979 1160 4030 se
1218 3954 1451 4030 animo
1510 3962 1584 4030 et
1642 3955 2060 4054 cogitatione
2129 3962 2566 4044 convertant,
2634 3955 2833 4031 facile
2897 3963 3240 4056 appareat.
3345 3955 3486 4032 Sed
3545 3955 4094 4032 animadvertitis
4111 4015 4132 4046 ,

1081 4074 1171 4149 A.
1196 4076 1287 4150 A.
1308 4133 1328 4164 ‚
1397 4099 1527 4150 nos
1547 4134 1568 4165 ,
1637 4085 2045 4174 quaerentes
2110 4075 2199 4150 de
2258 4084 2484 4151 aetate
2553 4085 2786 4152 nostra
2804 4134 2824 4165 ‚
2885 4075 3208 4152 incidisse
3274 4075 3348 4150 in
3411 4076 3676 4152 medias
3725 4099 3857 4151 res.
3955 4077 4134 4174 Ipsa

1082 4195 1269 4271 enim
1335 4195 1585 4271 horum
1650 4196 1967 4271 omnium
2028 4209 2460 4272 momentum
2537 4204 2775 4296 urget:
2850 4199 3002 4295 ipsa
3025 4253 3045 4284 ‚
3113 4219 3540 4294 quamquam
3605 4219 3814 4270 suum
3879 4194 4132 4292 cuique
4267 4261 4272 4264 ,

1080 4341 1232 4391 esse
1296 4315 1545 4415 probat
1614 4316 1689 4391 in
1756 4341 1899 4416 quo
1958 4315 2296 4404 elaboret,
2348 4315 2700 4416 improbat
2749 4338 2988 4390 eorum
3013 4373 3034 4402 ,
3084 4339 3262 4415 quae
3313 4315 3431 4390 alii
3479 4321 3766 4390 tuentur
3783 4372 3804 4402 ,
3853 4312 3964 4389 vel
4009 4313 4128 4388 de-

1083 4437 1514 4536 spicientiam
1580 4437 1689 4513 vel
1748 4436 2286 4537 negligentiam:
2358 4440 2514 4539 {psa
2579 4435 2672 4511 ad
2737 4435 3088 4510 nullarum
3153 4459 3293 4509 non
3351 4435 3748 4534 linguarum
3814 4433 4128 4510 studium

1081 4579 1461 4656 earumque
1518 4557 1699 4632 inter
1764 4582 1839 4632 se
1890 4557 2472 4657 comparationem
2520 4555 2808 4643 invitat,
2859 4552 2989 4630 hoc
3034 4553 3248 4653 probe
3297 4563 3542 4631 tenens
3585 4563 3749 4656 quot
3793 4556 3948 4654 quia
3989 4555 4124 4630 lin-

1074 4699 1253 4774 quas
1316 4678 1556 4764 callet,
1629 4680 1830 4752 toties
1883 4685 1989 4751 est
2042 4677 2265 4763 kom0,
2316 4699 2446 4749 nec
2495 4699 2655 4750 vero
2698 4675 3248 4774 praetermittens
3267 4733 3287 4764 ‚
3335 4676 3410 4750 in
3455 4675 3565 4750 his
3605 4675 3796 4750 velut
3841 4673 3914 4748 in
3969 4697 4125 4772 spe·
4225 4747 4232 4752 .

1083 4793 1258 4869 culis
1317 4794 1636 4894 gentium
1704 4797 1885 4870 cerni
1954 4795 2313 4894 ipsiusque
2368 4795 2670 4872 hominis
2731 4803 3088 4872 naturam:
3155 4800 3308 4895 ipsa
3349 4795 3742 4895 intelligens
3763 4851 3786 4883 ,
3847 4795 4122 4892 quoties
