4766 6034
1884 639 2440 704 ORATIO.
3259 587 3266 595 ι
3555 641 3680 708 153

734 849 1057 950 Collegae
1102 849 1242 924 mei
1286 846 1600 922 unanimi
1640 870 1803 922 voce
1839 847 2014 922 mihi
2054 848 2402 923 testificati
2439 856 2603 922 sunt
2623 905 2642 935 ,
2686 872 2758 921 se
2792 847 3110 923 laborum
3135 873 3419 924 suorum
3451 851 3683 926 fructu

491 1039 499 1048 .
636 978 709 1044 et
764 968 1235 1044 studiosorum
1284 966 1627 1042 industria
1674 991 1825 1043 esse
1873 977 2251 1044 contentos.

729 1091 819 1163 In
865 1089 1285 1164 Academiae
1329 1097 1521 1174 statu
1566 1089 1757 1176 nulla
1798 1087 1979 1164 facta
2016 1097 2123 1163 est
2166 1089 2478 1164 mutatio,
2578 1089 3002 1163 Promissam
3045 1088 3271 1188 legem
3313 1089 3401 1163 de
3445 1091 3684 1166 altiore

628 1209 1071 1283 institutione
1121 1209 1505 1283 ordinanda
1550 1233 1691 1284 non
1744 1209 2185 1308 impatienter
2227 1218 2745 1309 exspectamus:
2798 1233 3208 1306 persuasum
3254 1209 3442 1284 enim
3480 1210 3682 1285 nobis

629 1336 774 1415 est,
839 1329 972 1403 etsi
1038 1328 1179 1403 sint
1245 1353 1423 1428 quae
1472 1329 1721 1428 corrigi
1770 1337 1841 1402 et
1890 1330 2243 1405 emendari
2293 1338 2592 1428 queant,
2640 1337 2876 1404 tamen
2927 1329 3101 1403 illud
3147 1353 3286 1428 quo
3329 1331 3531 1405 altior
3577 1331 3682 1404 in-

628 1447 905 1522 stitutio
971 1448 1274 1523 cernitur
1296 1507 1316 1535 ,
1382 1448 1695 1522 studium
1715 1507 1734 1538 ‚
1796 1449 2109 1523 ardorem
2129 1507 2148 1538 ‚
2216 1449 2540 1549 spiritum
2565 1508 2585 1537 ,
2657 1448 2764 1527 vel
2821 1448 3311 1550 quodcumque
3366 1450 3542 1525 illud
3597 1453 3686 1524 sit

629 1568 824 1664 quod
871 1567 1134 1643 animat
1152 1626 1171 1656 ,
1222 1568 1382 1657 alit,
1432 1574 1681 1666 auget,
1734 1570 1925 1645 nulla
1970 1570 2123 1668 lege
2170 1595 2373 1668 posse
2423 1569 2668 1669 parari.
3305 1647 3312 1654 ,

727 1689 981 1787 Neque
1052 1697 1289 1763 tamen
1359 1687 1826 1764 omittendum
1888 1698 1994 1764 est
2056 1715 2276 1764 unum
2330 1690 2684 1764 decretum
2734 1715 2776 1762 a
2827 1689 3022 1788 Rege
3073 1689 3334 1765 factum
3357 1747 3378 1779 ,
3441 1716 3684 1790 quam-

628 1831 844 1904 quam
913 1807 1005 1882 ad
1068 1816 1346 1908 tempus
1372 1868 1389 1895 ,
1464 1809 1551 1882 de
1624 1835 1764 1908 quo
1827 1835 2243 1910 magnopere
2306 1810 2664 1886 laetamur.
2786 1809 3044 1883 Aditus
3095 1809 3186 1884 ad
3234 1810 3686 1886 Academiam

626 1951 769 2001 non
841 1927 1141 2025 amplius
1210 1929 1495 2003 cuilibet
1562 1937 1774 2028 patet.
1874 1921 2219 2006 Didicisse
2284 1930 2550 2030 aliquid
2605 1937 2915 2028 oportet,
2982 1931 3374 2032 pervenisse
3423 1930 3514 2004 ad
3563 1930 3684 2005 ali·

626 2071 845 2145 quam
900 2047 1165 2146 ingenii
1218 2057 1289 2122 et
1350 2048 1702 2124 doctrinae
1768 2051 2242 2126 maturitatem
2268 2109 2289 2138 ,
2340 2051 2463 2149 qui
2510 2049 2960 2124 Academiam
3008 2049 3263 2123 intrare
3312 2051 3492 2124 velit.
3594 2051 3688 2124 Et

623 2165 894 2241 meritc.
995 2167 1193 2245 Quid
1263 2169 1500 2243 enim?
1604 2169 1685 2242 Si
1758 2170 1833 2244 in
1898 2171 2347 2246 honestarum
2400 2176 2871 2245 matronarum
2919 2169 3256 2244 circulum
3311 2193 3518 2244 nemo
3562 2169 3684 2243 ad-

622 2285 933 2360 mittitur
973 2286 1109 2360 nisi
1154 2286 1475 2362 decenter
1520 2289 1809 2362 vestitus
1852 2298 1923 2364 et
1964 2299 2319 2390 comptus;
2374 2289 2436 2364 si
2467 2291 2540 2364 in
2581 2290 3000 2364 orchestram
3044 2289 3282 2362 nullus
3327 2290 3684 2389 recipitur,

622 2403 763 2478 nisi
815 2404 941 2502 qui
994 2429 1235 2480 canere
1284 2406 1636 2481 didicerit:
1687 2409 1761 2482 in
1807 2411 2177 2485 Musarum
2216 2410 2558 2509 templum
2609 2408 2887 2484 admitti
2936 2409 3282 2483 incultum
3329 2417 3400 2482 et
3453 2435 3682 2508 agres-

626 2533 813 2610 tem,
866 2524 1024 2623 quis
1072 2519 1297 2630 ferat?
1799 2615 1807 2620 .

725 2645 971 2719 Gratia
1036 2669 1201 2744 ergo
1272 2644 1593 2722 habenda
1650 2647 1866 2746 Regis
1932 2647 2367 2722 Administro
2393 2705 2412 2735 ,
2481 2648 2603 2745 qui
2661 2647 3029 2723 Musarum
3097 2673 3288 2724 sacra
3343 2648 3687 2748 profanari

622 2789 768 2838 non
821 2765 1000 2840 sivit.

726 2885 822 2958 Et
894 2908 1059 2989 sane
1079 2943 1099 2972 ,
1177 2885 1236 2958 si
1307 2888 1693 2984 optandum
1742 2893 1850 2962 est
1904 2897 1980 2962 ut
2030 2889 2213 2990 inter
2263 2889 2620 2964 literarum
2675 2889 3071 2985 artiumque
3118 2889 3418 2964 cultores
3470 2891 3689 2990 major

622 3006 698 3081 in
746 3004 897 3079 dies
948 3005 1235 3080 exsistat
1282 3007 1673 3083 studiorum
1727 3016 1798 3083 et
1836 3008 2273 3085 voluntatum
2317 3013 2691 3083 concentus
2712 3066 2732 3095 ,
2782 3032 3061 3082 necesse
3111 3015 3253 3095 est,
3297 3034 3414 3084 eos
3461 3011 3684 3108 magis

625 3125 843 3200 etiam
901 3150 1113 3225 quam
1166 3125 1393 3201 adhuc
1446 3127 1710 3202 factum
1767 3135 1874 3202 est
1891 3187 1912 3216 ,
1962 3127 2314 3203 communi
2360 3128 2798 3203 institutione
2845 3128 3234 3226 praeparari
3283 3134 3492 3225 atque
3540 3127 3676 3201 for-

622 3244 824 3319 mari.
947 3245 1221 3339 Quodsi
1266 3246 1533 3321 diutius
1578 3248 1997 3323 Academiae
2040 3248 2255 3348 janua
2294 3248 2686 3347 promiscue
2730 3248 3057 3321 omnibus
3099 3247 3347 3323 fuisset
3399 3258 3637 3346 aperta
3659 3308 3678 3336 ‚

622 3374 865 3441 actum
930 3364 1177 3441 fuisset
1246 3365 1333 3439 de
1402 3366 1803 3443 liberalibus
1870 3369 2119 3443 studiis
2141 3428 2161 3457 ,
2238 3376 2450 3467 atque
2522 3368 2934 3467 praecipuus
3004 3367 3354 3443 doctrinae
3413 3367 3680 3441 fructus

620 3491 964 3581 tanquam
1012 3484 1085 3559 in
1134 3484 1348 3560 herba
1396 3486 1644 3561 fuisset
1690 3512 2083 3587 oppressae.

722 3602 945 3677 Vobis
1012 3612 1247 3679 autem
1266 3662 1285 3692 ,
1356 3607 1925 3682 aestumatissimi
1986 3608 2307 3709 Collegae
2328 3668 2353 3699 „
2415 3609 2540 3709 qui
2601 3608 3007 3709 spargendis
3078 3608 3218 3683 veri
3266 3608 3678 3705 honestique

620 3724 1013 3799 seminibus
1080 3748 1285 3799 omne
1361 3726 1540 3800 vitae
1609 3735 1800 3826 temp
1810 3753 1887 3803 us
1953 3729 2356 3829 impenditis
2377 3788 2399 3818 ‚
2469 3728 2690 3804 Vobis
2755 3754 2842 3821 ex
2895 3728 3128 3803 animo
3183 3727 3517 3828 gratulari
3566 3751 3678 3801 me

618 3844 827 3941 juvat
891 3843 983 3917 ob
1054 3869 1455 3943 prosperam
1522 3870 1816 3923 messem
1837 3907 1856 3935 ‚
1923 3874 2103 3948 quae
2163 3856 2454 3925 conatus
2522 3842 2782 3925 vestros
2860 3856 3361 3924 remuneratur.
3482 3848 3678 3925 Quid

620 3964 1045 4039 testimoniis
1113 3990 1291 4063 opus
1358 3972 1463 4041 est
1481 4024 1501 4054 ,
1571 3967 1697 4042 ubi
1745 3968 1927 4043 facta
1975 3969 2355 4068 loquuntur
2376 3973 2411 4044 P
2509 3958 2763 4047 Nonne
2811 3970 3022 4068 justis
3079 3968 3431 4043 laetamini
3485 3966 3674 4041 labo-

622 4108 783 4158 rum
856 4091 1236 4159 vestrorum
1302 4086 1679 4183 praemiis?
1742 4112 1971 4162 nonne
2035 4088 2278 4187 plenae
2344 4098 2510 4163 sunt
2563 4090 2998 4165 auditoribus
3053 4089 3378 4163 scholae?
3443 4110 3676 4161 nonne

620 4182 909 4278 assidua
967 4203 1382 4279 discentium
1432 4205 1718 4281 studia?
1767 4230 1995 4280 nonne
2044 4215 2239 4306 grato
2288 4231 2406 4280 vos
2459 4230 2689 4281 amore
2734 4214 3251 4306 prosequuntur
3301 4203 3674 4300 discipuli?

622 4347 859 4398 nonne
920 4323 1161 4398 civitas
1217 4324 1518 4422 denique
1587 4325 1757 4402 haec
1799 4334 1870 4399 et
1913 4325 2263 4425 provincia
2316 4326 2663 4401 laetantur
2711 4326 3050 4401 fructibus
3070 4384 3090 4413 ,
3145 4323 3267 4422 qui
3313 4347 3399 4395 ex
3450 4330 3672 4397 vestra

618 4441 1064 4517 institutione
1112 4442 1559 4518 redundant?

725 4684 826 4757 At
873 4682 1067 4757 nulla
1112 4683 1233 4759 lux
1283 4686 1431 4761 sine
1480 4687 1771 4776 umbra,
1821 4688 2015 4764 nulla
2064 4690 2377 4789 voluptas
2427 4686 2678 4763 doloris
2725 4710 2988 4785 expers.

726 4800 1371 4883 Won'rnannnxms
1394 4866 1413 4897 ,
1481 4808 1921 4885 Clarissimus
1964 4811 2067 4885 vir
2087 4870 2108 4899 ‚
2158 4811 2291 4886 etsi
2330 4810 2479 4909 jam
2525 4833 2664 4884 non
2709 4806 3008 4906 amplius
3057 4804 3236 4881 vitae
3287 4813 3360 4880 et
3407 4804 3667 4880 studio-

3191 4930 3284 5001 20
