4766 6034
1217 1596 1665 1661 AUDITORES
1704 1595 2292 1660 SPECTATISSIMI
2330 1596 2969 1660 EXOPTATISSIMI!

887 2097 1036 2206 Est
1103 2129 1233 2204 hoc
1305 2149 1494 2202 more
1559 2126 1897 2202 maiorum
1950 2125 2356 2199 institutum
2418 2131 2490 2199 et
2546 2123 2877 2200 diuturno
2926 2147 3062 2199 usu
3112 2123 3458 2227 sancitum
3475 2183 3497 2215 ,
3568 2134 3685 2216 ut,

638 2250 944 2327 solemni
1013 2249 1322 2326 oratione
1387 2272 1674 2322 munere
1745 2271 1819 2321 se
1878 2254 2118 2335 exuat,
2195 2244 2619 2344 quicumque
2686 2251 3004 2321 nostrum
3072 2269 3184 2320 res
3258 2244 3685 2322 academicae

633 2395 768 2472 per
831 2395 1100 2448 annum
1170 2367 1568 2444 moderatus
1631 2366 1724 2441 sit
1776 2372 1847 2440 et
1917 2365 2187 2441 rexerit.
2288 2366 2526 2464 Atque
2578 2364 2747 2440 haec
2803 2364 3113 2441 muneris
3166 2370 3473 2441 extrema
3522 2392 3681 2468 pars

632 2493 836 2568 haud
903 2516 1046 2566 uno
1110 2489 1392 2565 nomine
1451 2489 1725 2562 videtur
1780 2511 1931 2563 esse
1988 2511 2210 2585 quum
2257 2483 2663 2587 gravissima
2707 2493 2861 2560 tum
2901 2483 3295 2584 gratissima
3315 2543 3336 2572 ,
3402 2493 3486 2561 ut
3539 2511 3681 2585 qua

631 2611 1074 2688 occasionem
1144 2609 1624 2685 nanciscamur
1685 2631 1826 2683 non
1897 2607 2122 2682 solum
2193 2607 2282 2682 de
2339 2605 2668 2682 omnibus
2722 2604 3135 2681 academicis
3182 2603 3397 2680 rebus
3464 2605 3681 2682 disse-

629 2731 882 2822 rendi,
953 2755 1136 2831 quae
1192 2729 1394 2805 nobis
1454 2727 1736 2828 publica
1789 2727 2173 2817 mentione,
2233 2727 2441 2803 laude
2484 2725 2593 2800 vel
2630 2724 3221 2801 animadversione
3262 2725 3477 2825 digna
3520 2739 3687 2805 sunt

637 2852 836 2944 visa,
908 2853 1033 2928 sed
1091 2851 1302 2928 etiam
1366 2849 1456 2924 de
1515 2855 1964 2949 argumento,
2021 2873 2108 2923 ex
2165 2847 2318 2947 ipsa
2371 2853 2607 2922 nostra
2675 2869 2889 2944 quam
2930 2845 3271 2978 tradimus
3322 2845 3685 2948 disciplina

637 2971 1065 3072 desumpto,
1112 2992 1344 3045 coram
1389 2975 1533 3044 tam
1577 2967 1829 3043 illustri
1865 2991 2113 3043 corona
2159 2965 2370 3043 verba
2414 2963 2732 3041 faciendi.

742 3091 963 3170 Quod
1019 3088 1178 3165 ideo
1248 3089 1488 3189 magni
1549 3068 1868 3164 arbitror
1891 3112 2040 3163 esse
2092 3086 2465 3174 momenti,
2532 3085 2862 3221 quoniam
2908 3085 3023 3159 vix
3070 3086 3213 3161 ulla
3252 3094 3361 3161 est
3407 3112 3519 3163 ars
3572 3086 3683 3161 vel

627 3210 1042 3309 disciplina,
1113 3208 1285 3308 quin
1353 3208 1564 3283 falsae
1636 3209 1724 3284 de
1797 3208 1948 3283 eius
2012 3208 2080 3281 vi
2147 3213 2218 3282 et
2280 3208 2510 3307 pretio
2584 3204 2941 3305 opiniones
3023 3205 3232 3305 vulgo
3296 3205 3678 3283 obtineant.

637 3329 870 3405 Nulla
939 3336 1176 3403 autem
1250 3327 1447 3404 facile
1535 3328 1907 3429 excogitari
1979 3334 2210 3427 potest
2276 3326 2601 3401 tollendis
2690 3323 3175 3425 praeiudicatis
3242 3326 3687 3425 opinionibus

629 3448 868 3548 magis
927 3446 1178 3521 idonea
1239 3446 1718 3545 opportunitas
1737 3506 1758 3535 ,
1824 3471 2036 3545 quam
2095 3471 2316 3546 quum
2373 3446 2461 3520 de
2528 3453 2673 3521 arte
2718 3452 2957 3521 nostra
3008 3470 3238 3521 coram
3285 3447 3446 3523 viris
3488 3448 3678 3522 iuve-

625 3569 992 3666 nibusque
1061 3568 1333 3642 exculto
1391 3567 1676 3665 ingenio
1695 3626 1714 3656 ‚
1785 3577 1858 3643 at
1902 3568 2151 3641 iisdem
2195 3567 2573 3643 maximam
2622 3573 2893 3667 partem
2939 3565 3018 3640 in
3061 3591 3143 3642 ea
3188 3574 3336 3643 arte
3390 3567 3677 3668 hospiti-

628 3690 774 3763 bus
799 3745 820 3774 ,
869 3678 982 3761 es't
1030 3686 1538 3785 exponendum.

735 3808 992 3903 Itaque
1053 3829 1210 3903 ego.
1245 3829 1523 3903 quoque
1584 3806 1806 3880 laetus
1856 3806 2114 3883 hancce
2162 3805 2376 3882 libere
2417 3813 2489 3881 et
2530 3804 2835 3906 ingenue
2878 3808 3207 3908 loquendi
3251 3809 3677 3885 occasionem

635 3926 1071 4025 arripueram
1111 3923 1632 4024 orationemque
1671 3948 2194 4027 composueram
2208 3984 2230 4015 ‚
2273 3950 2489 4025 quam
2534 3950 2620 4001 ex
2662 3926 2795 4003 hoc
2841 3935 3183 4027 suggestu
3228 3928 3671 4027 pronuntiare

633 4046 874 4121 animo
921 4044 1472 4120 informaveram.

737 4165 881 4239 Sed
933 4162 1222 4251 accidit,
1273 4187 1414 4261 quo
1460 4162 1824 4239 consilium
1870 4168 2142 4239 mutare
2189 4169 2467 4238 coactus
2519 4186 2715 4239 sum:

740 4285 984 4360 Altera
1050 4281 1237 4357 enim
1301 4284 1546 4387 harum
1621 4283 2032 4359 solemnium
2088 4264 2479 4358 orationum
2546 4290 2653 4358 est
2729 4306 2888 4383 pars
2904 4343 2925 4373 ,
3005 4311 3147 4385 qua
3213 4286 3631 4361 Academiae
3650 4342 3671 4375 ,

635 4430 820 4505 quae
881 4428 1068 4480 anno
1127 4402 1600 4479 recentissimo
1661 4404 1978 4493 fuerunt,
2022 4404 2198 4479 Fata
2239 4401 2475 4477 referri
2532 4402 2775 4479 solent.
2878 4390 2987 4479 In*
3020 4430 3103 4482 ea
3147 4428 3425 4505 quoque
3476 4416 3672 4505 parte

637 4524 1148 4601 elaboraveram
1172 4581 1193 4610 ,
1255 4523 1381 4597 sed
1436 4522 1772 4598 succrevit
1841 4521 2168 4598 scribenti
2214 4520 2289 4595 in
2344 4521 2497 4595 dies
2542 4543 2721 4597 nova
2770 4520 3117 4597 scribendi
3166 4520 3487 4597 materies
3505 4580 3525 4611 ,
3572 4524 3671 4598 ita

633 4654 718 4719 ut
787 4667 992 4743 opere
1057 4642 1376 4719 absoluto
1444 4642 1660 4742 probe
1715 4642 2173 4742 intelligerem
2191 4700 2213 4731 ,
2274 4641 2334 4716 si
2401 4665 2625 4717 unum
2680 4648 2753 4718 et
2818 4642 3113 4719 alterum
3175 4666 3623 4742 proponerem
3643 4703 3663 4733 ,

633 4766 782 4840 fore
831 4772 914 4839 ut
957 4762 1432 4839 benevolentia
1481 4769 1707 4838 vestra
1753 4771 1824 4839 et
1871 4762 2204 4863 patientia
2248 4763 2590 4839 abuterer.
