4766 6034
1114 594 1247 660 2⁷4
1914 582 1923 589 ’
2318 599 2390 663 Ε.
2457 599 2514 665 J.
2585 599 2955 682 mant,

1112 803 1382 878 utinam
1434 800 1807 902 aliquando
1856 802 2119 880 huncce
2157 804 2510 880 hominem
2558 806 2890 884 habeatis.
2989 804 3264 883 Deinde
3313 806 3373 881 si
3425 806 3600 907 quid
3645 815 3754 883 est
3795 809 3870 883 in
3913 812 4137 886 erudi-

1109 924 1299 1003 tione
1362 922 1692 999 hodierna
1760 923 2187 999 laudandum
2208 983 2229 1016 ,
2296 926 2373 1000 id
2435 927 2511 1000 in
2581 927 3070 1003 minutioribus
3117 927 3260 1002 iam
3311 928 3634 1027 capitulis
3678 938 4026 1021 versatur,
4073 942 4142 1006 et
4259 968 4272 980 ·

1109 1042 1553 1119 interioribus
1615 1043 1965 1119 doctrinae
2034 1045 2420 1120 recessibus
2439 1105 2459 1134 ,
2530 1046 2716 1121 unde
2767 1022 3080 1146 quotidie
3131 1048 3392 1123 summi
3437 1048 3566 1123 viri
3609 1059 3867 1141 eruunt
3884 1108 3905 1138 ,
3955 1052 4141 1150 quod

1106 1164 1346 1263 paucis
1410 1164 1519 1238 his
1586 1164 1786 1240 annis
1840 1164 2273 1264 superficiem
2323 1166 2511 1241 orbis
2560 1175 2898 1242 terrarum
2949 1167 3094 1242 fere
3147 1168 3466 1244 mutavit.
3567 1169 3750 1248 Quis
3797 1169 3908 1244 hic
3955 1170 4141 1245 locus

1108 1284 1505 1382 systematis
1523 1343 1544 1374 ,
1616 1292 1689 1360 et
1752 1284 2295 1360 umbraticorum
2362 1286 2705 1384 proeliolis
2720 1344 2740 1374 ‚
2805 1294 2878 1361 et
2939 1287 3314 1362 schematis
3361 1288 3712 1363 doctrinae
3757 1278 4182 1387 cuiuspiam⁸

1106 1404 1514 1479 universalis
1533 1462 1554 1492 ,
1629 1402 1839 1503 quam
1916 1406 2229 1503 proxima
2302 1405 2480 1481 forte
2497 1464 2518 1493 ,
2589 1414 2662 1479 et
2716 1405 2942 1481 vicino
3009 1406 3365 1481 Chremeti
3425 1407 3788 1483 notissima
3839 1407 4136 1507 fugiunt.

1100 1524 1172 1597 N
1173 1550 1253 1600 ec
1284 1516 1289 1523 ⁹
1323 1525 1385 1599 si
1444 1524 1842 1623 ceteroquin
1906 1525 1993 1599 iis
2049 1525 2242 1599 locus
2288 1534 2470 1600 esset
2491 1584 2533 1615 „
2559 1527 2633 1600 in
2683 1526 2871 1601 hunc
2913 1533 3230 1601 nostrum
3279 1534 3698 1601 conventum
3743 1527 3973 1603 forent
4021 1528 4139 1602 ad-

1104 1644 1470 1719 mittenda.
1575 1645 1739 1743 Non
1806 1645 1995 1719 enim
2068 1645 2420 1721 recondita
2489 1646 2756 1721 tradam
2776 1705 2797 1734 ,
2869 1654 2994 1721 aut
3055 1671 3137 1721 ea
3197 1645 3670 1745 investigabo,
3743 1647 3817 1721 in
3888 1647 4160 1745 quibus

1101 1763 1307 1839 hodie
1388 1763 1615 1862 apices
1688 1765 2037 1840 doctrinae
2106 1764 2582 1856 inveniantur,
2651 1766 2778 1841 sed
2825 1764 3311 1841 humilioribus
3359 1766 3670 1842 contenti
3713 1768 3951 1841 minus
4003 1768 4138 1842 alta

1106 1890 1453 1981 petamus.
1556 1884 1909 1959 Fremeret
1950 1884 2515 1983 indignabunda,
2577 1882 2816 1973 credo,
2873 1885 3258 1961 litterarum
3309 1886 3674 1986 disciplina
3692 1944 3728 1993 ,⁶
3763 1887 3825 1961 si
3867 1892 4136 1962 tantum

1100 2003 1277 2077 mihi
1326 2025 1676 2078 sumerem
1695 2061 1717 2091 ,
1779 2027 1988 2078 nemo
2038 2005 2246 2103 paulo
2285 2005 2568 2104 peritior
2611 2004 2784 2080 adeo
2835 2004 3158 2080 insanum
3205 2030 3320 2080 me
3365 2004 3812 2082 arbitrabitur
3826 2064 3846 2095 ,
3916 2008 4134 2081 omni-

1100 2122 1237 2195 bus
1295 2128 1565 2219 praeter
1631 2147 1868 2199 caecos
1935 2132 2006 2199 et
2057 2124 2305 2201 surdos
2352 2125 2454 2200 nil
2499 2125 2724 2224 magis
2761 2124 3204 2225 perspicuum
3243 2148 3396 2200 esse
3443 2134 3718 2225 potest,
3768 2150 3982 2224 quam
4033 2150 4132 2203 ar·

1104 2248 1600 2340 gumentorum
1674 2242 2127 2319 multitudine
2190 2244 2608 2345 impeditum
2671 2245 2746 2319 in
2803 2246 2955 2344 ipso
2998 2243 3398 2343 disciplinae
3440 2245 3616 2320 atrio
3655 2269 3771 2320 me
3813 2247 4092 2321 retineri
4111 2304 4130 2333 ,

1102 2360 1348 2437 eadem
1431 2361 1697 2438 ratione
1771 2388 1911 2461 qua
1950 2364 2297 2439 Pnsnnar
2357 2364 2537 2440 illud
2579 2370 2970 2439 monstrum
3023 2364 3332 2463 capitum
3389 2363 3820 2439 abundantia
3837 2421 3859 2452 ,
3920 2366 4134 2439 iacere

1100 2490 1261 2557 ante
1328 2483 1587 2559 ostium
1660 2470 2077 2583 philologiae
2095 2540 2117 2574 ,
2182 2508 2361 2582 quae
2407 2484 2498 2560 ab
2537 2484 2803 2559 intimis
2843 2508 2960 2559 me
3000 2483 3388 2559 recessibus
3435 2485 3794 2560 exclusum
3842 2485 3933 2561 ad
3973 2508 4130 2560 exo·

1098 2600 1346 2700 tericos
1409 2601 1671 2692 reiicit,
1732 2626 1961 2702 neque
2012 2628 2094 2679 eo
2140 2627 2283 2679 uno
2324 2605 2606 2679 nomine
2626 2662 2660 2695 „
2707 2603 2980 2680 etiamsi
3020 2613 3374 2704 praeterea
3416 2602 3594 2703 quid
3643 2604 3907 2679 valeam
3926 2660 3950 2694 ,
4007 2604 4130 2679 sci-

1098 2723 1325 2799 entiae
1390 2722 1771 2821 imaginem
1836 2723 1973 2799 nisi
2032 2723 2357 2801 diffusam
2403 2732 2528 2801 aut
2575 2724 2892 2801 mihimet
2930 2724 3084 2824 ipse
3127 2724 3498 2801 informare
3514 2782 3537 2812 ,
3599 2732 3726 2799 aut
3777 2722 4130 2825 discipulis

1086 2866 1311 2941 posse.

1195 2962 1395 3040 Haec
1454 2987 1615 3040 vero
1678 2988 1804 3064 pro
1849 2964 2131 3064 querela
2180 2988 2271 3040 ne
2317 2963 2727 3043 habeantur.
2826 2964 3003 3040 Dico
3020 3023 3043 3054 ‚
3108 2987 3290 3064 quae
3340 2962 3692 3040 verissima
3745 2987 3898 3038 esse
3935 2962 4128 3038 arbi-

1097 3091 1240 3158 tror
1256 3142 1279 3172 ,
1350 3107 1571 3182 eaque
1636 3082 2072 3158 auditoribus
2140 3106 2448 3183 propono
2511 3083 2777 3158 ratione
2835 3107 3048 3182 quam
3105 3084 3637 3160 accuratissima.
3738 3084 3982 3158 Unum
4025 3091 4127 3157 est

1098 3204 1287 3301 quod
1358 3203 1545 3280 volui
1562 3261 1585 3293 ,
1655 3197 1985 3278 nimirum
2060 3227 2227 3278 aevo
2296 3210 2533 3278 nostro
2595 3227 2640 3278 a
2691 3203 2888 3279 nullo
2947 3203 3088 3279 iam
3151 3203 3431 3279 homine
3479 3203 3738 3304 requiri
3780 3203 4128 3278 doen-inae

1106 3349 1273 3399 suae
1316 3323 1815 3423 expositionem
1860 3324 1933 3397 in
1981 3323 2286 3397 oratione
2336 3323 2728 3422 inaugurali
2745 3381 2766 3412 ,
2811 3346 2940 3397 nec
2971 3323 3050 3397 si
3089 3323 3199 3398 vel
3243 3349 3288 3398 a
3333 3324 3574 3400 multis
3626 3323 4125 3422 postularetur,

1095 3443 1271 3518 mihi
1307 3451 1541 3518 tamen
1596 3467 1751 3518 eam
1788 3441 2191 3518 incumbere
2207 3501 2231 3532 ,
2292 3443 2617 3542 quoniam
2679 3467 2819 3517 non
2869 3465 3210 3542 exponam
3257 3444 3396 3517 nisi
3443 3469 3556 3532 ea,
3625 3466 3806 3541 quae
3855 3441 4126 3541 singula

1097 3564 1239 3638 iam
1285 3560 1603 3662 plurimis
1623 3622 1644 3653 ,
1694 3572 1779 3639 et‘
1814 3588 2046 3638 vereor
2093 3564 2298 3663 longe
2343 3564 2594 3639 melius
2613 3621 2634 3654 ,
2681 3563 2954 3639 dudum
2999 3563 3381 3640 innotuere.

1194 3683 1531 3758 Attamen
1558 3690 1669 3758 'ut
1707 3708 1936 3783 neque
1990 3685 2139 3782 ipse
2180 3683 2454 3784 negabo
2471 3743 2492 3775 ,
2549 3684 2776 3760 inesse
2819 3683 3084 3784 aliquid
3125 3681 3523 3780 argumenti
3570 3681 3734 3756 huic
3777 3679 4120 3780 opinioni,

1097 3825 1313 3900 quam
1358 3827 1446 3877 ex
1488 3802 1747 3878 maiore
1788 3811 1985 3903 parte
2031 3804 2241 3879 modo
2286 3803 2717 3905 oppugnavi,
2770 3814 2851 3879 ut
2886 3802 3340 3878 libentissime
3381 3800 3793 3892 concedam,
3843 3800 4122 3900 aliquod

1094 3931 1329 3998 tamen
1396 3923 1614 3998 nostri
1687 3924 2035 4024 specimen
2082 3923 2396 3998 dandum
2447 3948 2598 4000 esse
2615 3981 2636 4014 ,
2687 3930 2771 3998 ut
2812 3923 2952 3998 iam
2999 3945 3226 4022 neque
3276 3921 3458 3996 muti
3506 3920 3725 3995 simus
3778 3927 3852 3994 et
3907 3920 4122 4019 possit

1092 4042 1324 4142 aliqua
1364 4044 1451 4118 de
1496 4044 1699 4119 nobis
1745 4043 2135 4119 coniectura
2176 4043 2327 4117 fieri
2344 4101 2365 4132 ‚
2415 4044 2517 4119 ita
2554 4043 2698 4120 duo
2745 4041 3084 4119 accedunt
3125 4042 3278 4142 ipsa
3319 4063 3444 4140 per
3493 4063 3568 4114 se
3605 4038 3900 4132 leviora,
3943 4061 4120 4136 quae

1090 4159 1327 4238 tamen
1402 4163 1649 4244 ceteris
1714 4163 2081 4237 coniuncta
2144 4159 2608 4240 necessarium
2679 4161 2890 4238 simul
2955 4169 3028 4238 et
3090 4161 3478 4238 iucundum
3543 4159 3852 4236 efficiunt
3913 4158 4118 4233 huius

1092 4283 1231 4358 diei
1296 4285 1629 4359 officium:
1700 4281 2275 4360 consuetudinem
2320 4281 2476 4357 volo
2492 4339 2514 4372 ,
2579 4289 2652 4357 et
2707 4281 3256 4380 experimentum
3313 4277 3662 4357 facultatis
3718 4285 3994 4353 nostrae
4043 4277 4114 4350 in

1088 4403 1491 4502 usurpando
1528 4426 1841 4478 sermone
1886 4401 2159 4478 Latin0.
2256 4402 2570 4493 Quorum
2613 4400 2830 4477 altera
2873 4401 3160 4477 fortasse
3198 4423 3339 4475 non
3393 4399 3494 4474 ita
3531 4419 3869 4497 magnum
3907 4419 4112 4470 usum

1090 4509 1303 4597 habet
1323 4579 1345 4611 ,
1408 4519 1531 4596 sed
1588 4528 1662 4596 et
1716 4521 2122 4598 venerabilis
2174 4529 2281 4596 est
2326 4527 2398 4597 et
2447 4545 2530 4596 eo
2581 4520 2826 4596 saltem
2874 4521 3156 4596 nomine
3201 4517 3508 4596 iucunda
3525 4576 3548 4607 ,
3597 4526 3681 4594 nt
3725 4515 3868 4592 iam
3917 4517 4114 4592 liceat

1084 4641 1365 4742 publice
1402 4641 1632 4740 eloqui
1678 4667 1857 4740 quae
1904 4641 2137 4718 animo
2178 4639 2494 4718 fovemus
2512 4699 2533 4729 ,
2593 4641 2766 4716 alter
2814 4663 2973 4716 vero
2991 4698 3013 4731 ,
3061 4638 3296 4718 Latini
3345 4637 3682 4714 sermonis
3731 4637 4113 4734 usurpandi

1084 4785 1237 4838 mos
1253 4821 1273 4851 ‚
1344 4760 1444 4840 ita
1504 4768 1941 4861 comparatus
1998 4757 2107 4836 est
2124 4818 2145 4849 ‚
2210 4768 2296 4835 ut
2353 4759 2576 4838 soleat
2627 4757 3040 4848 firmissimis
3095 4755 3524 4860 argumentis
3579 4756 3788 4832 etiam
3835 4753 4113 4854 publice
