4766 6034
1783 604 2337 678 O'RATIO.
3496 613 3581 679 19

645 821 1172 895 Smoznnnnxn
1228 815 1410 893 vitae
1464 816 1919 895 Academicae
1987 817 2328 895 curriculo
2395 816 2695 894 breviter
2748 816 3057 917 exposito
3076 876 3096 907 ,
3163 814 3386 919 quum
3434 846 3579 897 me-

553 941 876 1016 moranda
948 939 1124 1015 mihi
1195 938 1336 1012 sint
1389 938 1666 1038 egregia
1717 938 1868 1015 eius
1913 963 2080 1039 erga
2130 939 2443 1039 linguam
2464 998 2483 1028 ,
2536 938 2939 1038 litterasque
2992 940 3249 1038 patrias
3294 941 3541 1017 merita
3558 1000 3579 1031 ,

556 1086 782 1137 vereor
837 1086 926 1135 ne
945 1119 966 1149 ,
1033 1060 1236 1159 inops
1301 1058 1526 1133 factus
1589 1059 2018 1137 abundantia
2032 1120 2053 1151 ,
2101 1084 2348 1160 parum
2400 1060 2694 1135 idoneus
2738 1066 2971 1136 tantae
3017 1060 3291 1139 virtutis
3336 1087 3580 1161 praeco

551 1182 854 1257 existam.
956 1182 1046 1255 In
1111 1180 1320 1254 breve
1373 1178 1560 1254 enim
1625 1181 1926 1281 elogium
1984 1181 2453 1257 contrahenda
2516 1179 2692 1255 mihi
2754 1188 2918 1257 sunt
2981 1205 3160 1281 quae
3222 1182 3373 1257 eius
3417 1192 3583 1257 sunt

549 1302 852 1379 ambitus
868 1360 889 1391 ‚
955 1301 1105 1376 eius
1171 1300 1512 1375 momenti
1573 1308 1645 1374 et
1705 1300 2061 1400 gravitatis
2123 1306 2206 1376 ut
2265 1308 2415 1376 tota
2464 1298 2773 1375 oratione
2839 1298 2951 1374 vix
2998 1299 3164 1374 satis
3216 1300 3452 1379 extolli
3510 1310 3583 1377 et

545 1422 916 1523 praedicari
981 1429 1262 1521 queant.
1361 1420 1734 1497 Recordati
1800 1445 1962 1497 vero
2033 1421 2110 1495 id
2167 1445 2391 1497 unum
2460 1421 2601 1497 iam
2668 1418 2839 1493 mihi
2902 1419 3019 1519 agi
3037 1470 3085 1509 ‚·
3122 1428 3206 1494 ut
3270 1420 3581 1497 defuncti

543 1544 839 1641 collegae
904 1542 1308 1617 memoriam
1375 1540 1584 1616 modo
1647 1541 1977 1632 solemni,
2043 1567 2271 1617 coram
2325 1543 2455 1617 hoc
2496 1538 2922 1639 amplissimo
2960 1549 3163 1617 coetu
3182 1599 3202 1630 ,
3248 1528 3543 1619 recolam
3558 1599 3581 1632 ,

541 1682 839 1759 eumque
909 1683 1023 1733 me
1069 1648 1240 1733 'esse
1310 1684 1353 1733 a
1412 1684 1553 1757 quo
1619 1661 2150 1737 Smeanannxu
2215 1662 2567 1737 doctrinae
2635 1670 2708 1735 et
2774 1661 3178 1737 meritorum
3246 1664 3583 1761 expositio

539 1782 816 1855 omnino
873 1780 1253 1879 exspectari
1309 1786 1650 1879 nequeat,
1714 1806 2000 1857 munere
2053 1806 2212 1858 meo
2273 1790 2459 1858 recte
2517 1805 2794 1857 mecum
2861 1782 3229 1859 censebitis
3272 1809 3385 1859 me
3431 1810 3581 1860 esse

539 1902 855 1977 functum
878 1958 899 1988 ‚
947 1900 1006 1974 si
1046 1900 1346 1974 breviter
1385 1901 1776 1977 indicavero
1795 1960 1815 1991 ,
1866 1902 2126 2001 quibus
2171 1887 2619 2001 potissimum
2656 1903 2925 1979 artibus
2971 1911 3239 1981 tantam
3274 1906 3578 1985 SineEN-

537 2046 846 2096 nannius
897 2020 1087 2120 apud
1135 2028 1477 2096 nostrates
1527 2022 1816 2120 gloriam
1867 2023 1958 2097 sit
2004 2028 2274 2099 nactus.

641 2141 909 2217 Ordine
985 2164 1145 2215 vero
1227 2142 1758 2218 Smcrmnnnxn
1829 2143 1916 2218 de
1979 2144 2200 2243 patrio
2263 2166 2578 2218 sermone
2649 2144 3033 2244 litterisque
3104 2146 3581 2223 Neerlandicis

543 2264 792 2338 merita
842 2260 1318 2361 praedicaturo
1353 2261 1467 2336 vix
1511 2263 1806 2339 dubium
1845 2287 1994 2339 esse
2034 2272 2300 2363 potest,
2342 2264 2513 2363 quin
2546 2263 2633 2339 ab
2660 2264 2747 2339 iis
2776 2265 2949 2341 mihi
2992 2266 3084 2341 sit
3110 2265 3585 2366 incipiendum
3724 2296 3733 2303 ·

533 2383 655 2457 viri
719 2381 1080 2457 clarissimi
1149 2382 1435 2473 studiis,
1497 2383 1756 2482 quibus
1818 2384 2116 2484 pessime
2181 2382 2493 2459 habitam
2547 2386 2949 2461 vernaculae
3004 2385 3285 2485 linguae
3346 2387 3576 2463 ortho-

532 2501 893 2603 graphiam
953 2502 1248 2577 correxit
1265 2548 1305 2591 ,·
1359 2502 1532 2601 quin
1599 2500 1900 2580 deletam
1947 2504 2234 2580 omnino
2251 2563 2270 2591 ,
2322 2511 2394 2578 et
2444 2504 2747 2581 cuiusvis
2816 2504 3099 2581 arbitrio
3172 2512 3243 2581 et
3300 2506 3577 2583 libidini

530 2623 937 2722 permissam
981 2622 1392 2698 instauravit
1431 2631 1644 2724 atque
1683 2624 1886 2701 certis
1933 2624 2194 2699 normis
2237 2622 2574 2699 cohibuit.
2677 2625 2962 2701 Nemini
3009 2632 3323 2703 vestrum
3359 2626 3575 2726 probe

527 2744 835 2819 nescitur
856 2802 877 2833 ‚
957 2751 1384 2843 quantopere
1469 2745 1724 2820 saeculi
1803 2745 2173 2845 superioris
2254 2746 2396 2819 fine
2410 2804 2433 2835 ‚
2514 2744 2965 2821 scribentium
3046 2745 3436 2846 ignorantia
3504 2758 3576 2823 et

531 2864 854 2939 fatuitate
872 2922 892 2954 ‚
941 2865 1277 2941 sermonis
1327 2864 1534 2964 patrii
1571 2864 2068 2966 orthographia
2111 2864 2321 2941 fuerit
2365 2866 2815 2965 pessumdata
2856 2875 2928 2941 et
2970 2868 3353 2966 inquinata.
3452 2868 3579 2943 Nil

526 2985 828 3086 amplius
866 2993 1252 3086 supererat,
1298 2986 1488 3086 quod
1530 2995 1888 3088 tamquam
1933 2994 2202 3064 certum
2241 2993 2312 3064 et
2359 2986 2791 3086 exploratum
2834 3011 3076 3064 omnes
3127 2996 3581 3087 sequerentur

525 3113 738 3204 atque
785 3106 1170 3182 verendum
1220 3114 1369 3184 erat
1388 3165 1408 3196 ,
1461 3131 1550 3183 ne
1591 3109 1683 3184 ad
1725 3117 2108 3185 extremam
2157 3109 2637 3184 deveniremus
2675 3106 3103 3198 barbariem]
3150 3108 3287 3184 nisi
3322 3109 3572 3186 exis‘te-

527 3234 630 3301 ret
699 3227 828 3324 qui
889 3227 962 3301 in
1033 3235 1230 3302 tanta
1309 3226 1712 3304 confusione
1776 3229 2303 3331 orthographiae
2374 3227 2779 3304 vernaculae
2842 3229 3118 3327 regulas
3178 3229 3575 3328 disponeret

525 3355 594 3420 et
635 3347 845 3422 certis
898 3347 1172 3448 legibus
1219 3348 1719 3449 adstringeret3
1771 3350 1963 3450 quod
2011 3373 2270 3424 munus
2312 3373 2649 3450 perquam
2694 3348 2967 3424 difficile
2993 3349 3235 3424 eteius
3257 3351 3531 3448 generis
3550 3409 3572 3441 ,

525 3475 606 3542 ut
649 3469 863 3544 multi
907 3469 996 3543 de
1046 3495 1374 3570 prospero
1417 3471 1520 3546 rei
1557 3477 1814 3546 eventu
1855 3470 1996 3546 iam
2027 3471 2263 3548 statim
2292 3470 2777 3570 desperarent,
2805 3468 3350 3546 Srnennaaaxro
3380 3468 3570 3545 obla·
3720 3477 3757 3564 j

525 3599 702 3666 tum.
807 3591 894 3665 In
961 3616 1045 3667 ea
1107 3615 1182 3666 re
1229 3592 1508 3692 qualem
1557 3617 1632 3666 se
1677 3592 2128 3691 praestiterit,
2179 3599 2604 3691 quantopere
2660 3589 3291 3688 splendidissimam
3340 3616 3570 3690 repor-

519 3709 771 3786 taverit
821 3710 1135 3786 vitoriam
1181 3720 1255 3787 et
1299 3713 1388 3788 de
1438 3711 1840 3788 difficillimo
1855 3770 1875 3801 ,
1931 3737 2231 3811 quocum
2273 3710 2810 3814 ‘conflictabatur
2846 3719 3258 3810 argumento
3279 3771 3299 3802 ,
3350 3721 3423 3786 et
3476 3712 3567 3790 de

521 3831 642 3920 iis,
717 3832 844 3931 qui
906 3857 1055 3907 rem
1113 3833 1400 3908 omnino
1459 3834 1608 3910 fieri
1668 3856 1808 3908 non
1873 3859 2076 3933 posse
2123 3836 2653 3921 clamaverant,-
2702 3832 2966 3908 nemini
3012 3841 3329 3910 nostrum
3370 3833 3567 3932 igno-

519 3958 737 4028 ratur.
869 3952 1009 4027 Vix
1087 3977 1288 4029 suam
1369 3954 1459 4028 de
1533 3954 2023 4054 orthographia
2101 3954 2563 4032 Neerlandica
2640 3952 2983 4030 diatriben
3061 3952 3325 4053 publici
3399 3953 3569 4030 iuris

519 4069 819 4161 fecerat,
891 4096 1114 4171 quum
1166 4073 1238 4147 in
1297 4073 1611 4150 licentiae
1656 4075 1886 4150 locum
1940 4075 2128 4174 leges
2148 4133 2170 4164 ,
2221 4082 2539 4150 accurato
2587 4072 2845 4148 indicio
2894 4073 3217 4148 definitae
3234 4131 3256 4164 ‚
3307 4073 3565 4150 substi-

519 4199 890 4266 tuerentur
942 4200 1020 4266 et
1082 4193 1392 4269 confusio
1457 4195 1686 4270 lucido
1735 4195 2008 4271 cederet
2049 4194 2296 4270 ordini.
2399 4193 2622 4268 Cuius
2686 4192 2910 4291 operis
2972 4192 3433 4292 praestantiae
3489 4194 3565 4270 id

518 4310 1157 4389 luculentissimum
1222 4321 1330 4389 est
1399 4315 1875 4392 testimonium
1895 4375 1916 4404 ,
1987 4315 2176 4414 quod
2195 4373 2216 4403 ‚
2287 4337 2467 4414 quae
2536 4313 2652 4386 ille
2716 4312 2968 4387 iecerat
3035 4313 3563 4411 orthographiae

516 4429 980 4504 fundamenta
999 4491 1018 4520 ,
1097 4431 1348 4508 iisdem
1428 4433 1772 4534 hodieque
1845 4433 2332 4534 grammaticae
2414 4431 2910 4507 Neerlandicae
2989 4433 3379 4508 aedificium
3454 4441 3563 4508 est

521 4557 1104 4648 superstructum.
1213 4553 1436 4628 Fuere
1507 4553 1790 4653 quidem
1859 4553 1982 4653 qui
2031 4561 2332 4628 evertere
2379 4551 2809 4628 conabantur
2855 4551 3046 4650 quod
3096 4551 3351 4628 soUerti
3394 4577 3563 4630 cura

515 4668 632 4744 ille
698 4670 1139 4761 condiderat;
1213 4673 1338 4748 sed
1406 4674 1598 4772 quod
1657 4675 1934 4774 propria
1989 4699 2116 4750 sua
2175 4674 2382 4749 laude
2444 4671 3063 4748 commendabatur
3077 4731 3098 4761 ‚
3182 4672 3257 4747 id
3310 4673 3561 4772 corrigi

517 4790 813 4886 quidem
881 4791 1108 4890 potuit
1172 4791 1246 4868 in
1320 4793 1613 4894 singulis
1634 4853 1654 4884 ,
1724 4795 1962 4895 augeri
2032 4803 2103 4870 et
2165 4794 2469 4894 suppleri
2488 4852 2509 4886 ,
2574 4801 2649 4871 at
2718 4793 3109 4871 universam
3169 4792 3232 4870 si
3290 4803 3557 4895 spectes

2978 4917 3022 4986 3
3036 4914 3079 4958 ἦ
