4766 6034
1275 619 1405 687 182
2364 615 2432 684 c,
2501 613 2778 681 sna
2843 575 3246 682 numu

1268 832 1465 925 grata
1512 831 1745 898 mente
1789 845 2029 897 omnes
2081 821 2249 896 boni
2284 822 2728 898 recordantur
2766 829 2978 921 atque
3029 822 3174 898 suis
3217 819 3726 898 commendant.
3824 822 4020 899 Haec
4051 826 4244 902 solatia

1268 969 1389 1019 nos
1451 966 1689 1018 omnes
1750 940 1881 1016 tibi
1934 948 2277 1040 praestare
2340 966 2749 1040 possumus:
2810 942 2944 1016 alia
3009 941 3212 1040 longe
3271 939 3552 1016 meliora
3600 940 3756 1040 ipse
3808 940 3938 1018 tibi
3985 945 4244 1042 quotidie

1266 1069 1592 1163 praestas.
1638 1085 1649 1094 ⁸
1713 1061 2039 1159 Namque
2121 1060 2251 1135 tibi
2314 1085 2728 1160 persuasum
2797 1060 3010 1136 habes
3030 1120 3051 1150 ,
3123 1060 3390 1136 nullam
3469 1062 4036 1138 communitatem
4103 1065 4244 1140 inter

1266 1182 1581 1258 homines
1617 1180 1789 1255 adeo
1819 1180 2138 1256 intimam
2178 1205 2329 1256 esse
2374 1189 2584 1280 atque
2623 1180 3173 1256 indissolubilem
3193 1238 3212 1269 ‚
3263 1205 3478 1278 quam
3527 1203 3682 1256 eam
3729 1159 3910 1279 quae
3955 1207 4074 1256 nos
4113 1207 4242 1260 cum

1266 1302 1352 1377 iis
1416 1301 1707 1376 mortuis
1782 1300 2097 1376 conciliet
2176 1300 2599 1398 quibuscum
2651 1300 2868 1375 veluti
2916 1297 3080 1376 cum
3128 1299 3610 1398 praesentibus
3653 1309 4049 1399 praesentes
4097 1305 4244 1402 eogi-

1266 1430 1413 1496 tare
1427 1479 1448 1509 ,
1496 1413 1703 1520 agere
1720 1478 1739 1509 ,
1789 1421 2141 1495 meliorem
2187 1419 2473 1494 omnino
2519 1419 2732 1496 vitam
2779 1419 3002 1496 vivere
3039 1444 3434 1520 pergamus.

1362 1541 1610 1616 Lector
1661 1541 1751 1614 de
1795 1539 2174 1614 Academia
2218 1547 2456 1615 nostra
2501 1540 2680 1616 bene
2732 1540 3020 1615 meritus
3039 1597 3060 1628 ,
3109 1564 3290 1638 quae
3334 1538 3466 1615 hoc
3508 1539 3792 1616 alumno
3837 1539 3990 1614 iure
4037 1539 4240 1639 glotia-

1266 1666 1383 1734 tur
1401 1717 1422 1747 ,
1486 1656 1747 1756 quique
1814 1657 1999 1731 diem
2062 1657 2248 1733 hunc
2301 1657 2561 1760 festum
2627 1658 2990 1734 nobiscum
3051 1657 3363 1734 alacriter
3434 1647 3646 1757 atque
3697 1658 3942 1734 festive
3993 1667 4071 1734 ut
4109 1661 4246 1734 solet

1268 1802 1471 1878 agere
1530 1778 1605 1850 in
1666 1776 1899 1852 animo
1956 1773 2201 1851 habuit
2220 1833 2241 1865 ,
2289 1777 2520 1852 subita
2561 1777 2950 1854 calamitate
2995 1801 3362 1876 oppressus
3407 1777 3598 1852 domi
3637 1777 3814 1854 iacet
3862 1778 4088 1854 liberis
4127 1778 4252 1852 eius

1268 1898 1497 1972 adhuc
1566 1895 2053 1995 superstitibus
2120 1896 2193 1970 in
2262 1921 2536 1973 summo
2601 1899 2780 1974 vitae
2852 1897 3157 2001 periculo
3221 1897 3694 1987 versantibus,
3769 1897 3870 1974 ita
3939 1907 4018 1972 ut
4077 1897 4174 1972 vix
4219 1922 4252 1970 a

1271 2015 1589 2114 lacrymis
1656 2024 2033 2114 temperare
2095 2017 2402 2114 possint,
2473 2016 2730 2114 quibus
2798 2024 2872 2091 et
2921 2016 3074 2114 ipse
3135 2039 3335 2092 carus
3379 2021 3486 2091 est
3505 2073 3526 2104 ,
3587 2015 3802 2114 inque
3845 2015 4034 2092 venis
4079 2022 4252 2112 atque

1272 2135 1594 2210 medullis
1641 2135 1686 2209 i.
1739 2159 1797 2210 e.
1848 2134 1920 2208 in
1972 2135 2203 2210 animo
2252 2144 2323 2210 et
2370 2144 2646 2235 pectore
2694 2135 2894 2211 liberi
2940 2136 3250 2216 haerent.

1360 2257 1479 2333 Ad
1553 2256 1841 2331 minime
1898 2256 2077 2333 laeta
2140 2255 2502 2332 referimus
2552 2255 2730 2329 duos
2775 2253 3190 2353 professores
3235 2252 3310 2327 in
3354 2275 3438 2326 eo
3483 2276 3632 2326 esse
3677 2259 3758 2326 ut
3799 2251 3894 2328 ab
3949 2252 4070 2328 hac
4107 2251 4246 2326 Uni-

1266 2376 1587 2452 versitate
1650 2375 2028 2452 discedant.
2060 2359 2088 2370 s
2139 2375 2420 2451 Horum
2481 2375 2654 2448 alter
2702 2373 2797 2448 ad
2857 2373 3254 2448 cathedram
3309 2369 3766 2446 Traiectinam
3815 2379 4090 2448 vocatus
4129 2379 4250 2457 est,

1265 2496 1437 2572 alter
1480 2495 1865 2572 causariam
1913 2521 1955 2570 a
2002 2519 2165 2595 rege
2206 2493 2604 2570 missionem
2648 2491 2866 2592 petiit.
2967 2491 3164 2580 Tibi,
3213 2491 3577 2566 Rovnasr!
3629 2491 3736 2566 uti
3783 2491 4026 2568 datum
4069 2491 4246 2566 hono-

1264 2639 1412 2690 rem
1479 2614 1809 2714 gratulati
1872 2637 2115 2690 sumus
2134 2672 2155 2702 ‚
2217 2614 2319 2687 ita
2376 2637 2422 2688 a
2477 2619 2548 2686 te
2592 2618 2952 2710 acceptum
3005 2634 3210 2709 aegre
3255 2609 3564 2686 tulimus.
3663 2611 3952 2686 Frustra
3993 2619 4058 2686 te
4109 2635 4246 2710 quo·

1268 2734 1501 2808 minus
1545 2733 1885 2831 acciperes
1920 2733 2217 2808 Senatus
2258 2732 2538 2808 nomine
2577 2731 2984 2830 deprecatus
3021 2754 3202 2804 sum.
3271 2729 3724 2829 Quamquam
3761 2731 3888 2830 qui
3935 2738 4004 2808 te
4035 2739 4254 2806 norunt

1268 2852 1556 2926 minime
1623 2853 1983 2952 ignorant,
2054 2860 2125 2927 te
2182 2876 2323 2928 non
2368 2852 2506 2926 nisi
2551 2851 2732 2927 bene
2785 2849 3150 2926 subducta·
3171 2848 3434 2924 ratione
3483 2849 3970 2948 Groninganae
4015 2849 4255 2926 stationi

1268 2970 1723 3047 Traiectinam
1782 2971 2207 3071 praetulisse.
2308 2972 2443 3047 Illa
2503 2971 2692 3047 enim
2749 2970 2879 3045 tibi
2937 2970 3174 3045 multis
3235 2967 3637 3045 nominibus
3711 2993 3868 3045 cara
3927 2977 4028 3045 est
4079 2979 4260 3068 atque

1270 3090 1579 3167 manebit
1600 3149 1621 3179 ,
1686 3114 1847 3165 cum
1918 3100 2197 3191 propter
2258 3092 2516 3166 amicos
2576 3116 2750 3190 quos
2816 3090 2928 3167 hic
2981 3089 3306 3165 invenisti
3357 3096 3481 3163 aut
3524 3096 3776 3164 nactus
3819 3114 3896 3164 es
3937 3089 4260 3187 multaque

1266 3210 1401 3286 alia
1448 3235 1627 3309 quae
1668 3210 1797 3284 tibi
1842 3218 2041 3309 grata
2087 3210 2369 3284 fuerunt
2387 3268 2408 3298 ‚
2459 3218 2613 3285 tum
2651 3218 2928 3310 propter
2969 3209 3478 3284 carissimorum
3523 3209 3836 3307 capitum
3881 3207 4258 3283 desiderium

1270 3328 1460 3427 quod
1508 3327 1597 3402 ab
1648 3326 1857 3401 huius
1910 3326 2101 3401 urbis
2150 3334 2359 3423 atque
2396 3328 2814 3403 Academiae
2863 3326 3277 3425 cogitatione
3323 3335 3534 3425 atque
3585 3328 4050 3403 recordatione
4099 3350 4256 3423 sepa·

1266 3473 1415 3525 rare
1470 3473 1610 3523 non
1662 3455 1879 3547 potes.
1980 3448 2267 3523 Utinam
2314 3446 2444 3520 tibi
2497 3445 2774 3543 tuisque
2819 3445 2894 3521 in
2943 3469 3120 3521 nova
3169 3444 3577 3521 eruditionis
3619 3454 3783 3523 tuae
3831 3447 4256 3523 fortunarum·

1270 3592 1427 3665 que.
1444 3568 1645 3653 ,sede
1703 3592 1842 3641 non
1916 3568 2069 3641 dico
2138 3565 2422 3641 meliora
2489 3565 2612 3639 sed
2665 3564 2963 3639 feliciora
3017 3564 3458 3663 contingant!
3544 3566 3996 3642 Academiam
4015 3624 4036 3655 ,
4103 3572 4258 3641 certo

1272 3686 1453 3775 scio,
1522 3710 1661 3759 non
1728 3694 1932 3759 tuum
1998 3711 2161 3784 erga
2224 3710 2351 3761 nos
2420 3685 2733 3761 animum
2799 3692 3028 3759 mutas
3051 3742 3072 3772 ‚
3137 3708 3368 3783 neque
3427 3708 3552 3759 nos
3621 3694 3937 3761 nostrum
3999 3710 4150 3784 erga
4203 3689 4258 3755 te

1270 3804 1725 3881 mutabimus,
1824 3805 1956 3879 Illa
2016 3812 2253 3883 autem
2305 3804 2480 3880 meis
2531 3804 2758 3880 verbis
2805 3804 3082 3904 publice
3127 3804 3384 3903 gratias
3427 3804 3560 3879 tibi
3601 3805 3748 3905 agit
3790 3804 3982 3904 quod
4027 3812 4100 3879 te
4141 3824 4258 3877 non

1271 3925 1465 4026 prius
1504 3950 1551 3999 a
1592 3924 1840 3999 scholis
1879 3922 2217 4001 habendis
2250 3922 2666 3999 abstinueris
2714 3948 2926 4024 quam
2975 3925 3343 4001 Curatores
3387 3948 3850 4001 successorem
3887 3931 3962 4001 te
3999 3922 4258 4021 dignum

1265 4044 1451 4144 Regi
1503 4042 1861 4142 designare
1916 4044 2289 4144 potuerint.
2389 4046 2687 4143 Iamque
2721 4042 3000 4145 publice
3047 4044 3195 4121 vale
3237 4052 3310 4121 et
3353 4045 3539 4121 salve
3587 4044 3720 4119 tibi
3765 4044 3924 4121 dico
3938 4101 3960 4133 ,
4009 4041 4256 4137 Collega

1268 4162 1863 4240 coniunctissime!
1915 4190 2123 4263 perge
2171 4188 2299 4241 nos
2346 4189 2597 4241 amare.

1366 4282 1564 4361 Quid
1631 4282 1976 4359 Hnusmo
2039 4283 2260 4359 dicam
2282 4342 2305 4373 ,
2368 4284 2584 4359 veteri
2629 4283 2820 4359 domi
2861 4283 3288 4383 militiaeque
3337 4281 3788 4361 commilitoni
3826 4290 4036 4382 atque
4085 4284 4254 4377 opta·

1264 4400 1533 4475 tissimo
1595 4400 1945 4499 collegae?
2032 4398 2247 4490 Novit
2313 4426 2618 4500 quonam
2684 4402 2916 4477 animo
2983 4402 3238 4479 fuerim
3301 4426 3524 4501 quum
3589 4400 3763 4477 mihi
3783 4458 3806 4489 ,
3871 4396 4258 4477 Academiae

1264 4520 1547 4595 Rectori
1564 4578 1584 4607 ,
1650 4520 1891 4617 paucis
1950 4526 2111 4595 ante
2172 4520 2377 4599 ferias
2428 4522 2726 4611 diebus..
2771 4521 3202 4622 propositum
3252 4529 3527 4599 nostrae
3571 4518 3990 4597 Academiae
4033 4512 4256 4595 valedi-

1124 4658 1149 4675 ·
1268 4637 1471 4713 cendi
1545 4638 1723 4715 clam
1786 4639 2343 4717 communicaret.
2467 4642 2534 4733 A
2593 4665 2734 4740 quo
2799 4647 2881 4717 ut
2943 4640 3302 4717 desisteret
3367 4649 3524 4719 tum
3585 4639 4066 4718 Universitatis
4121 4644 4256 4710 tum

1268 4757 1488 4856 ipsius
1546 4780 1755 4835 causa
1813 4758 1987 4858 quid
2054 4784 2186 4857 ego
2244 4782 2523 4859 quoque
2571 4757 2977 4835 tentaverim
3025 4758 3368 4837 meminit.
3465 4758 3726 4837 Verum
3775 4783 4000 4859 quum
4044 4775 4264 4835 omnes
