<?xml version="1.0" encoding="UTF-8"?>
<!DOCTYPE html PUBLIC "-//W3C//DTD XHTML 1.0 Transitional//EN"
    "http://www.w3.org/TR/xhtml1/DTD/xhtml1-transitional.dtd">
<html xmlns="http://www.w3.org/1999/xhtml" xml:lang="en" lang="en">
 <head>
  <title>
</title>
<meta http-equiv="Content-Type" content="text/html;charset=utf-8" />
  <meta name='ocr-system' content='tesseract 3.04.00' />
  <meta name='ocr-capabilities' content='ocr_page ocr_carea ocr_par ocr_line ocrx_word'/>
</head>
<body>
  <div class='ocr_page' id='page_1' title='image "annalesacademic02confgoog_0203.png"; bbox 0 0 4766 6034; ppageno 0'>
   <div class='ocr_carea' id='block_1_1' title="bbox 1096 1504 3659 1734">
    <p class='ocr_par' dir='ltr' id='par_1_1' title="bbox 1096 1504 3659 1734">
     <span class='ocr_line' id='line_1_1' title="bbox 1098 1504 3659 1593; baseline -0.003 -10"><span class='ocrx_word' id='word_1_1' title='bbox 1098 1504 1561 1585; x_wconf 64' lang='grc' dir='ltr'>ΑσΑΒΕΜῙᾸΕ</span> <span class='ocrx_word' id='word_1_2' title='bbox 1604 1518 2191 1583; x_wconf 71' lang='lat' dir='ltr'><strong>cRoncANAE</strong></span> <span class='ocrx_word' id='word_1_3' title='bbox 2234 1517 2732 1593; x_wconf 64' lang='lat' dir='ltr'><strong>cunnos-ns,</strong></span> <span class='ocrx_word' id='word_1_4' title='bbox 2786 1516 3355 1591; x_wconf 65' lang='lat' dir='ltr'><strong>Pnomssomis,</strong></span> <span class='ocrx_word' id='word_1_5' title='bbox 3413 1516 3659 1577; x_wconf 74' lang='lat' dir='ltr'><strong>cums,</strong></span> 
     </span>
     <span class='ocr_line' id='line_1_2' title="bbox 1096 1651 3568 1734; baseline -0.002 -3"><span class='ocrx_word' id='word_1_6' title='bbox 1096 1669 1665 1734; x_wconf 73' lang='lat' dir='ltr'><strong>cumsoumour.</strong></span> <span class='ocrx_word' id='word_1_7' title='bbox 1709 1668 2035 1731; x_wconf 75' lang='lat' dir='ltr'><strong>onmms</strong></span> <span class='ocrx_word' id='word_1_8' title='bbox 2075 1669 2179 1731; x_wconf 74' lang='grc' dir='ltr'><strong>ΕΤ</strong></span> <span class='ocrx_word' id='word_1_9' title='bbox 2218 1667 2408 1731; x_wconf 78' lang='lat' dir='ltr'><strong>Locr</strong></span> <span class='ocrx_word' id='word_1_10' title='bbox 2449 1651 2896 1732; x_wconf 67' lang='lat' dir='ltr'><strong>moriones</strong></span> <span class='ocrx_word' id='word_1_11' title='bbox 2936 1665 3568 1731; x_wconf 78' lang='lat' dir='ltr'><strong>EXOPTATISSIMI.</strong></span> 
     </span>
    </p>
   </div>
   <div class='ocr_carea' id='block_1_2' title="bbox 605 2120 3668 3453">
    <p class='ocr_par' dir='ltr' id='par_1_2' title="bbox 605 2120 3668 3453">
     <span class='ocr_line' id='line_1_3' title="bbox 804 2120 3658 2252; baseline 0 -27"><span class='ocrx_word' id='word_1_12' title='bbox 804 2120 1115 2229; x_wconf 86' lang='lat' dir='ltr'><strong>Nullum</strong></span> <span class='ocrx_word' id='word_1_13' title='bbox 1162 2176 1501 2252; x_wconf 85' lang='lat' dir='ltr'><strong>umquam</strong></span> <span class='ocrx_word' id='word_1_14' title='bbox 1546 2152 1961 2227; x_wconf 82' lang='lat' dir='ltr'><strong>Academiae</strong></span> <span class='ocrx_word' id='word_1_15' title='bbox 2003 2153 2368 2228; x_wconf 79' lang='lat' dir='ltr'><strong>Rectorem</strong></span> <span class='ocrx_word' id='word_1_16' title='bbox 2415 2176 2664 2251; x_wconf 87' lang='lat' dir='ltr'><strong>parum</strong></span> <span class='ocrx_word' id='word_1_17' title='bbox 2709 2150 3032 2227; x_wconf 87' lang='lat' dir='ltr'><strong>lubenter</strong></span> <span class='ocrx_word' id='word_1_18' title='bbox 3075 2160 3354 2250; x_wconf 89' lang='lat' dir='ltr'><strong>tempus</strong></span> <span class='ocrx_word' id='word_1_19' title='bbox 3401 2176 3658 2226; x_wconf 90' lang='lat' dir='ltr'><strong>memo-</strong></span> 
     </span>
     <span class='ocr_line' id='line_1_4' title="bbox 608 2270 3661 2372; baseline -0.001 -25"><span class='ocrx_word' id='word_1_20' title='bbox 608 2280 875 2349; x_wconf 86' lang='lat' dir='ltr'><strong>rantem</strong></span> <span class='ocrx_word' id='word_1_21' title='bbox 945 2272 1179 2348; x_wconf 87' lang='lat' dir='ltr'><strong>audivi</strong></span> <span class='ocrx_word' id='word_1_22' title='bbox 1193 2331 1213 2362; x_wconf 89' lang='lat'>‚</span> <span class='ocrx_word' id='word_1_23' title='bbox 1294 2298 1433 2372; x_wconf 91' lang='lat' dir='ltr'><strong>quo</strong></span> <span class='ocrx_word' id='word_1_24' title='bbox 1496 2271 1715 2347; x_wconf 89' lang='lat' dir='ltr'><strong>fasces</strong></span> <span class='ocrx_word' id='word_1_25' title='bbox 1790 2272 2163 2349; x_wconf 82' lang='lat' dir='ltr'><strong>successori</strong></span> <span class='ocrx_word' id='word_1_26' title='bbox 2230 2272 2554 2348; x_wconf 89' lang='lat' dir='ltr'><strong>traderet.</strong></span> <span class='ocrx_word' id='word_1_27' title='bbox 2655 2272 2906 2369; x_wconf 89' lang='lat' dir='ltr'><strong>Neque</strong></span> <span class='ocrx_word' id='word_1_28' title='bbox 2973 2280 3210 2348; x_wconf 89' lang='lat' dir='ltr'><strong>tamen</strong></span> <span class='ocrx_word' id='word_1_29' title='bbox 3279 2270 3618 2369; x_wconf 87' lang='lat' dir='ltr'><strong>gaudium</strong></span> <span class='ocrx_word' id='word_1_30' title='bbox 3641 2330 3661 2359; x_wconf 92' lang='lat'><em>,</em></span> 
     </span>
     <span class='ocr_line' id='line_1_5' title="bbox 608 2390 3665 2495; baseline -0.001 -28"><span class='ocrx_word' id='word_1_31' title='bbox 608 2393 800 2492; x_wconf 88' lang='lat' dir='ltr'><strong>quod</strong></span> <span class='ocrx_word' id='word_1_32' title='bbox 862 2392 1095 2469; x_wconf 89' lang='lat' dir='ltr'><strong>animo</strong></span> <span class='ocrx_word' id='word_1_33' title='bbox 1166 2392 1584 2493; x_wconf 87' lang='lat' dir='ltr'><strong>praecipitur</strong></span> <span class='ocrx_word' id='word_1_34' title='bbox 1602 2451 1623 2481; x_wconf 93' lang='lat'>‚</span> <span class='ocrx_word' id='word_1_35' title='bbox 1694 2392 1879 2495; x_wconf 80' lang='lat' dir='ltr'><strong>curis</strong></span> <span class='ocrx_word' id='word_1_36' title='bbox 1926 2418 2224 2472; x_wconf 86' lang='lat' dir='ltr'><strong>vacuum</strong></span> <span class='ocrx_word' id='word_1_37' title='bbox 2272 2400 2400 2469; x_wconf 89' lang='lat' dir='ltr'><strong>est.</strong></span> <span class='ocrx_word' id='word_1_38' title='bbox 2497 2390 2781 2467; x_wconf 82' lang='lat' dir='ltr'><strong>Etenim</strong></span> <span class='ocrx_word' id='word_1_39' title='bbox 2837 2391 3168 2467; x_wconf 78' lang='lat' dir='ltr'><strong>sollennia</strong></span> <span class='ocrx_word' id='word_1_40' title='bbox 3188 2451 3209 2480; x_wconf 92' lang='lat'>‚</span> <span class='ocrx_word' id='word_1_41' title='bbox 3259 2415 3439 2489; x_wconf 88' lang='lat' dir='ltr'><strong>quae</strong></span> <span class='ocrx_word' id='word_1_42' title='bbox 3485 2391 3665 2467; x_wconf 85' lang='lat' dir='ltr'><strong>festo</strong></span> 
     </span>
     <span class='ocr_line' id='line_1_6' title="bbox 605 2510 3661 2613; baseline 0 -28"><span class='ocrx_word' id='word_1_43' title='bbox 605 2513 722 2587; x_wconf 94' lang='lat' dir='ltr'><strong>illo</strong></span> <span class='ocrx_word' id='word_1_44' title='bbox 765 2512 881 2588; x_wconf 93' lang='lat' dir='ltr'><strong>die</strong></span> <span class='ocrx_word' id='word_1_45' title='bbox 924 2512 1361 2589; x_wconf 88' lang='lat' dir='ltr'><strong>celebrantur</strong></span> <span class='ocrx_word' id='word_1_46' title='bbox 1376 2572 1397 2603; x_wconf 91' lang='lat'>,</span> <span class='ocrx_word' id='word_1_47' title='bbox 1447 2536 1587 2587; x_wconf 88' lang='lat' dir='ltr'><strong>non</strong></span> <span class='ocrx_word' id='word_1_48' title='bbox 1630 2513 1807 2588; x_wconf 86' lang='lat' dir='ltr'><strong>votis</strong></span> <span class='ocrx_word' id='word_1_49' title='bbox 1856 2512 2301 2589; x_wconf 86' lang='lat' dir='ltr'><strong>continentur</strong></span> <span class='ocrx_word' id='word_1_50' title='bbox 2340 2538 2468 2613; x_wconf 90' lang='lat' dir='ltr'><strong>pro</strong></span> <span class='ocrx_word' id='word_1_51' title='bbox 2518 2510 2936 2589; x_wconf 76' lang='lat' dir='ltr'><strong>Academiae</strong></span> <span class='ocrx_word' id='word_1_52' title='bbox 2982 2512 3204 2587; x_wconf 90' lang='lat' dir='ltr'><strong>salute</strong></span> <span class='ocrx_word' id='word_1_53' title='bbox 3251 2534 3661 2611; x_wconf 88' lang='lat' dir='ltr'><strong>nuncupan-</strong></span> 
     </span>
     <span class='ocr_line' id='line_1_7' title="bbox 610 2630 3661 2730; baseline 0 -25"><span class='ocrx_word' id='word_1_54' title='bbox 610 2632 717 2706; x_wconf 88' lang='lat' dir='ltr'><strong>dis</strong></span> <span class='ocrx_word' id='word_1_55' title='bbox 739 2691 760 2722; x_wconf 94' lang='lat'><em>,</em></span> <span class='ocrx_word' id='word_1_56' title='bbox 823 2658 953 2708; x_wconf 88' lang='lat' dir='ltr'><strong>nec</strong></span> <span class='ocrx_word' id='word_1_57' title='bbox 1016 2631 1273 2708; x_wconf 87' lang='lat' dir='ltr'><strong>iunctis</strong></span> <span class='ocrx_word' id='word_1_58' title='bbox 1335 2633 1597 2709; x_wconf 81' lang='lat' dir='ltr'><strong>dextris</strong></span> <span class='ocrx_word' id='word_1_59' title='bbox 1662 2634 1836 2709; x_wconf 91' lang='lat' dir='ltr'><strong>alter</strong></span> <span class='ocrx_word' id='word_1_60' title='bbox 1896 2634 2095 2710; x_wconf 89' lang='lat' dir='ltr'><strong>alteri</strong></span> <span class='ocrx_word' id='word_1_61' title='bbox 2139 2633 2319 2711; x_wconf 91' lang='lat' dir='ltr'><strong>hanc</strong></span> <span class='ocrx_word' id='word_1_62' title='bbox 2365 2634 2604 2709; x_wconf 78' lang='lat' dir='ltr'><strong>sedem</strong></span> <span class='ocrx_word' id='word_1_63' title='bbox 2647 2630 2926 2708; x_wconf 90' lang='lat' dir='ltr'><strong>honoris</strong></span> <span class='ocrx_word' id='word_1_64' title='bbox 2975 2632 3195 2721; x_wconf 90' lang='lat' dir='ltr'><strong>cedit;</strong></span> <span class='ocrx_word' id='word_1_65' title='bbox 3249 2630 3372 2707; x_wconf 88' lang='lat' dir='ltr'><strong>sed</strong></span> <span class='ocrx_word' id='word_1_66' title='bbox 3423 2639 3661 2730; x_wconf 90' lang='lat' dir='ltr'><strong>postu-</strong></span> 
     </span>
     <span class='ocr_line' id='line_1_8' title="bbox 606 2752 3668 2855; baseline 0.001 -30"><span class='ocrx_word' id='word_1_67' title='bbox 606 2752 789 2827; x_wconf 83' lang='lat' dir='ltr'><strong>latur</strong></span> <span class='ocrx_word' id='word_1_68' title='bbox 846 2776 1079 2827; x_wconf 88' lang='lat' dir='ltr'><strong>rerum</strong></span> <span class='ocrx_word' id='word_1_69' title='bbox 1098 2810 1119 2841; x_wconf 90' lang='lat'>,</span> <span class='ocrx_word' id='word_1_70' title='bbox 1185 2776 1364 2851; x_wconf 87' lang='lat' dir='ltr'><strong>quae</strong></span> <span class='ocrx_word' id='word_1_71' title='bbox 1425 2752 1847 2829; x_wconf 86' lang='lat' dir='ltr'><strong>Academiae</strong></span> <span class='ocrx_word' id='word_1_72' title='bbox 1909 2778 2033 2854; x_wconf 89' lang='lat' dir='ltr'><strong>per</strong></span> <span class='ocrx_word' id='word_1_73' title='bbox 2094 2754 2454 2855; x_wconf 85' lang='lat' dir='ltr'><strong>integrum</strong></span> <span class='ocrx_word' id='word_1_74' title='bbox 2509 2777 2774 2829; x_wconf 90' lang='lat' dir='ltr'><strong>annum</strong></span> <span class='ocrx_word' id='word_1_75' title='bbox 2838 2755 2910 2827; x_wconf 88' lang='lat' dir='ltr'><strong>in</strong></span> <span class='ocrx_word' id='word_1_76' title='bbox 2975 2761 3347 2852; x_wconf 87' lang='lat' dir='ltr'><strong>utramque</strong></span> <span class='ocrx_word' id='word_1_77' title='bbox 3395 2760 3668 2853; x_wconf 89' lang='lat' dir='ltr'><strong>partem</strong></span> 
     </span>
     <span class='ocr_line' id='line_1_9' title="bbox 610 2873 3666 2973; baseline 0.001 -28"><span class='ocrx_word' id='word_1_78' title='bbox 610 2880 1029 2962; x_wconf 89' lang='lat' dir='ltr'><strong>evenerunt,</strong></span> <span class='ocrx_word' id='word_1_79' title='bbox 1087 2873 1670 2949; x_wconf 90' lang='lat' dir='ltr'><strong>commemoratio.</strong></span> <span class='ocrx_word' id='word_1_80' title='bbox 1774 2875 2012 2953; x_wconf 87' lang='lat' dir='ltr'><strong>Quam</strong></span> <span class='ocrx_word' id='word_1_81' title='bbox 2078 2875 2139 2950; x_wconf 90' lang='lat' dir='ltr'><strong>si</strong></span> <span class='ocrx_word' id='word_1_82' title='bbox 2202 2874 2420 2950; x_wconf 90' lang='lat' dir='ltr'><strong>oratio</strong></span> <span class='ocrx_word' id='word_1_83' title='bbox 2479 2898 2620 2948; x_wconf 88' lang='lat' dir='ltr'><strong>non</strong></span> <span class='ocrx_word' id='word_1_84' title='bbox 2669 2873 3055 2961; x_wconf 88' lang='lat' dir='ltr'><strong>antecedit,</strong></span> <span class='ocrx_word' id='word_1_85' title='bbox 3113 2878 3354 2973; x_wconf 90' lang='lat' dir='ltr'><strong>parata</strong></span> <span class='ocrx_word' id='word_1_86' title='bbox 3403 2880 3510 2947; x_wconf 85' lang='lat' dir='ltr'><strong>est</strong></span> <span class='ocrx_word' id='word_1_87' title='bbox 3560 2897 3666 2947; x_wconf 89' lang='lat' dir='ltr'><strong>re-</strong></span> 
     </span>
     <span class='ocr_line' id='line_1_10' title="bbox 611 2986 3665 3092; baseline -0 -26"><span class='ocrx_word' id='word_1_88' title='bbox 611 2991 978 3090; x_wconf 88' lang='lat' dir='ltr'><strong>prehensio</strong></span> <span class='ocrx_word' id='word_1_89' title='bbox 1044 2986 1328 3082; x_wconf 64' lang='lat' dir='ltr'><strong>eorum⁸</strong></span> <span class='ocrx_word' id='word_1_90' title='bbox 1400 2990 1562 3092; x_wconf 90' lang='lat' dir='ltr'><strong>qui,</strong></span> <span class='ocrx_word' id='word_1_91' title='bbox 1613 2999 1957 3092; x_wconf 89' lang='lat' dir='ltr'><strong>quantum</strong></span> <span class='ocrx_word' id='word_1_92' title='bbox 2001 3016 2129 3069; x_wconf 92' lang='lat' dir='ltr'><strong>nos</strong></span> <span class='ocrx_word' id='word_1_93' title='bbox 2174 2992 2261 3068; x_wconf 90' lang='lat' dir='ltr'><strong>iis</strong></span> <span class='ocrx_word' id='word_1_94' title='bbox 2300 2990 2678 3067; x_wconf 87' lang='lat' dir='ltr'><strong>tribuimus</strong></span> <span class='ocrx_word' id='word_1_95' title='bbox 2696 2998 2728 3081; x_wconf 80' lang='lat'><strong>‚&#39;</strong></span> <span class='ocrx_word' id='word_1_96' title='bbox 2765 2998 3044 3068; x_wconf 90' lang='lat' dir='ltr'><strong>tantum</strong></span> <span class='ocrx_word' id='word_1_97' title='bbox 3084 2992 3222 3092; x_wconf 89' lang='lat' dir='ltr'><strong>ipsi</strong></span> <span class='ocrx_word' id='word_1_98' title='bbox 3273 2991 3496 3068; x_wconf 89' lang='lat' dir='ltr'><strong>avitae</strong></span> <span class='ocrx_word' id='word_1_99' title='bbox 3545 2992 3665 3066; x_wconf 90' lang='lat' dir='ltr'><strong>tri-</strong></span> 
     </span>
     <span class='ocr_line' id='line_1_11' title="bbox 610 3099 3668 3211; baseline -0.001 -23"><span class='ocrx_word' id='word_1_100' title='bbox 610 3112 845 3188; x_wconf 88' lang='lat' dir='ltr'><strong>buunt</strong></span> <span class='ocrx_word' id='word_1_101' title='bbox 888 3111 1395 3188; x_wconf 83' lang='lat' dir='ltr'><strong>consuetud-ini.</strong></span> <span class='ocrx_word' id='word_1_102' title='bbox 1494 3113 1591 3187; x_wconf 87' lang='lat' dir='ltr'><strong>Et</strong></span> <span class='ocrx_word' id='word_1_103' title='bbox 1638 3111 1806 3187; x_wconf 89' lang='lat' dir='ltr'><strong>haec</strong></span> <span class='ocrx_word' id='word_1_104' title='bbox 1860 3099 2145 3211; x_wconf 79' lang='lat' dir='ltr'><strong>quidem</strong></span> <span class='ocrx_word' id='word_1_105' title='bbox 2182 3111 2400 3188; x_wconf 89' lang='lat' dir='ltr'><strong>oratio</strong></span> <span class='ocrx_word' id='word_1_106' title='bbox 2448 3109 2770 3186; x_wconf 89' lang='lat' dir='ltr'><strong>habenda</strong></span> <span class='ocrx_word' id='word_1_107' title='bbox 2827 3119 2934 3186; x_wconf 89' lang='lat' dir='ltr'><strong>est</strong></span> <span class='ocrx_word' id='word_1_108' title='bbox 2979 3111 3269 3200; x_wconf 79' lang='lat' dir='ltr'><strong>Latine3</strong></span> <span class='ocrx_word' id='word_1_109' title='bbox 3335 3111 3524 3186; x_wconf 92' lang='lat' dir='ltr'><strong>unde</strong></span> <span class='ocrx_word' id='word_1_110' title='bbox 3576 3113 3668 3186; x_wconf 91' lang='lat' dir='ltr'><strong>ab</strong></span> 
     </span>
     <span class='ocr_line' id='line_1_12' title="bbox 610 3230 3668 3332; baseline 0 -24"><span class='ocrx_word' id='word_1_111' title='bbox 610 3232 718 3308; x_wconf 86' lang='lat' dir='ltr'><strong>his</strong></span> <span class='ocrx_word' id='word_1_112' title='bbox 796 3233 1097 3332; x_wconf 83' lang='lat' dir='ltr'><strong>dapibus</strong></span> <span class='ocrx_word' id='word_1_113' title='bbox 1120 3291 1140 3322; x_wconf 89' lang='lat'>‚</span> <span class='ocrx_word' id='word_1_114' title='bbox 1216 3257 1396 3331; x_wconf 91' lang='lat' dir='ltr'><strong>quae</strong></span> <span class='ocrx_word' id='word_1_115' title='bbox 1470 3231 1761 3308; x_wconf 90' lang='lat' dir='ltr'><strong>Senatui</strong></span> <span class='ocrx_word' id='word_1_116' title='bbox 1833 3231 2285 3331; x_wconf 88' lang='lat' dir='ltr'><strong>Amplissimo</strong></span> <span class='ocrx_word' id='word_1_117' title='bbox 2360 3230 2844 3330; x_wconf 81' lang='lat' dir='ltr'><strong>variarumque</strong></span> <span class='ocrx_word' id='word_1_118' title='bbox 2914 3230 3438 3330; x_wconf 86' lang='lat' dir='ltr'><strong>disciplinarum</strong></span> <span class='ocrx_word' id='word_1_119' title='bbox 3509 3239 3668 3308; x_wconf 88' lang='lat' dir='ltr'><strong>tum</strong></span> 
     </span>
     <span class='ocr_line' id='line_1_13' title="bbox 610 3350 3662 3453; baseline -0.001 -24"><span class='ocrx_word' id='word_1_120' title='bbox 610 3353 1031 3429; x_wconf 88' lang='lat' dir='ltr'><strong>Doctoribus</strong></span> <span class='ocrx_word' id='word_1_121' title='bbox 1097 3360 1255 3430; x_wconf 88' lang='lat' dir='ltr'><strong>tum</strong></span> <span class='ocrx_word' id='word_1_122' title='bbox 1326 3351 1672 3428; x_wconf 89' lang='lat' dir='ltr'><strong>Studiosis</strong></span> <span class='ocrx_word' id='word_1_123' title='bbox 1717 3359 2051 3453; x_wconf 88' lang='lat' dir='ltr'><strong>parantur</strong></span> <span class='ocrx_word' id='word_1_124' title='bbox 2068 3411 2088 3442; x_wconf 89' lang='lat'>‚</span> <span class='ocrx_word' id='word_1_125' title='bbox 2148 3350 2363 3428; x_wconf 90' lang='lat' dir='ltr'><strong>arceri</strong></span> <span class='ocrx_word' id='word_1_126' title='bbox 2409 3375 2690 3426; x_wconf 86' lang='lat' dir='ltr'><strong>necesse</strong></span> <span class='ocrx_word' id='word_1_127' title='bbox 2739 3357 2846 3426; x_wconf 88' lang='lat' dir='ltr'><strong>est</strong></span> <span class='ocrx_word' id='word_1_128' title='bbox 2891 3351 3272 3450; x_wconf 90' lang='lat' dir='ltr'><strong>permultos</strong></span> <span class='ocrx_word' id='word_1_129' title='bbox 3294 3410 3314 3441; x_wconf 89' lang='lat'>‚</span> <span class='ocrx_word' id='word_1_130' title='bbox 3365 3376 3662 3451; x_wconf 87' lang='lat' dir='ltr'><strong>quorum</strong></span> 
     </span>
    </p>
   </div>
   <div class='ocr_carea' id='block_1_3' title="bbox 608 3470 3705 3573">
    <p class='ocr_par' dir='ltr' id='par_1_3' title="bbox 608 3470 3705 3573">
     <span class='ocr_line' id='line_1_14' title="bbox 608 3470 3705 3573; baseline 0 -25"><span class='ocrx_word' id='word_1_131' title='bbox 608 3481 847 3549; x_wconf 90' lang='lat' dir='ltr'><strong>tamen</strong></span> <span class='ocrx_word' id='word_1_132' title='bbox 897 3473 1279 3573; x_wconf 89' lang='lat' dir='ltr'><strong>plurimum</strong></span> <span class='ocrx_word' id='word_1_133' title='bbox 1318 3473 1649 3548; x_wconf 88' lang='lat' dir='ltr'><strong>interesse</strong></span> <span class='ocrx_word' id='word_1_134' title='bbox 1698 3471 2103 3572; x_wconf 85' lang='lat' dir='ltr'><strong>perhibetur</strong></span> <span class='ocrx_word' id='word_1_135' title='bbox 2150 3477 2492 3547; x_wconf 89' lang='lat' dir='ltr'><strong>oratorem</strong></span> <span class='ocrx_word' id='word_1_136' title='bbox 2535 3470 2776 3547; x_wconf 89' lang='lat' dir='ltr'><strong>audire</strong></span> <span class='ocrx_word' id='word_1_137' title='bbox 2793 3529 2814 3561; x_wconf 92' lang='lat'><em>,</em></span> <span class='ocrx_word' id='word_1_138' title='bbox 2866 3479 2987 3561; x_wconf 90' lang='lat' dir='ltr'><strong>ut,</strong></span> <span class='ocrx_word' id='word_1_139' title='bbox 3037 3497 3178 3571; x_wconf 88' lang='lat' dir='ltr'><strong>qua</strong></span> <span class='ocrx_word' id='word_1_140' title='bbox 3229 3473 3368 3548; x_wconf 90' lang='lat' dir='ltr'><strong>sint</strong></span> <span class='ocrx_word' id='word_1_141' title='bbox 3417 3473 3661 3548; x_wconf 89' lang='lat' dir='ltr'><strong>huma·</strong></span> <span class='ocrx_word' id='word_1_142' title='bbox 3702 3502 3705 3505; x_wconf 91' lang='lat'>·</span> 
     </span>
    </p>
   </div>
   <div class='ocr_carea' id='block_1_4' title="bbox 510 3581 3662 4774">
    <p class='ocr_par' dir='ltr' id='par_1_4' title="bbox 510 3581 3662 4774">
     <span class='ocr_line' id='line_1_15' title="bbox 510 3581 3659 3683; baseline 0 -15"><span class='ocrx_word' id='word_1_143' title='bbox 510 3581 517 3586; x_wconf 39' lang='lat'><em>⁶</em></span> <span class='ocrx_word' id='word_1_144' title='bbox 610 3593 829 3669; x_wconf 88' lang='lat' dir='ltr'><strong>nitate</strong></span> <span class='ocrx_word' id='word_1_145' title='bbox 850 3652 871 3683; x_wconf 94' lang='lat'>,</span> <span class='ocrx_word' id='word_1_146' title='bbox 943 3593 1095 3669; x_wconf 85' lang='lat' dir='ltr'><strong>eius</strong></span> <span class='ocrx_word' id='word_1_147' title='bbox 1154 3593 1601 3668; x_wconf 87' lang='lat' dir='ltr'><strong>solitudinem</strong></span> <span class='ocrx_word' id='word_1_148' title='bbox 1664 3591 1741 3664; x_wconf 90' lang='lat' dir='ltr'><strong>in</strong></span> <span class='ocrx_word' id='word_1_149' title='bbox 1812 3591 2189 3668; x_wconf 83' lang='lat' dir='ltr'><strong>maximam</strong></span> <span class='ocrx_word' id='word_1_150' title='bbox 2235 3597 2638 3667; x_wconf 86' lang='lat' dir='ltr'><strong>convertant</strong></span> <span class='ocrx_word' id='word_1_151' title='bbox 2687 3591 3124 3668; x_wconf 87' lang='lat' dir='ltr'><strong>audientium</strong></span> <span class='ocrx_word' id='word_1_152' title='bbox 3169 3592 3659 3668; x_wconf 90' lang='lat' dir='ltr'><strong>celebritatem.</strong></span> 
     </span>
     <span class='ocr_line' id='line_1_16' title="bbox 613 3710 3660 3814; baseline -0.001 -22"><span class='ocrx_word' id='word_1_153' title='bbox 613 3713 828 3792; x_wconf 87' lang='lat' dir='ltr'><strong>Quod</strong></span> <span class='ocrx_word' id='word_1_154' title='bbox 873 3713 935 3788; x_wconf 86' lang='lat' dir='ltr'><strong>si</strong></span> <span class='ocrx_word' id='word_1_155' title='bbox 975 3719 1278 3789; x_wconf 86' lang='lat' dir='ltr'><strong>statuere</strong></span> <span class='ocrx_word' id='word_1_156' title='bbox 1323 3713 1559 3788; x_wconf 87' lang='lat' dir='ltr'><strong>liceret</strong></span> <span class='ocrx_word' id='word_1_157' title='bbox 1575 3769 1598 3801; x_wconf 85' lang='lat'>‚</span> <span class='ocrx_word' id='word_1_158' title='bbox 1646 3710 1870 3810; x_wconf 85' lang='lat' dir='ltr'><strong>ipsam</strong></span> <span class='ocrx_word' id='word_1_159' title='bbox 1917 3711 2109 3788; x_wconf 90' lang='lat' dir='ltr'><strong>illam</strong></span> <span class='ocrx_word' id='word_1_160' title='bbox 2154 3711 2436 3812; x_wconf 81' lang='lat' dir='ltr'><strong>linguae</strong></span> <span class='ocrx_word' id='word_1_161' title='bbox 2471 3711 2764 3788; x_wconf 85' lang='lat' dir='ltr'><strong>Latinae</strong></span> <span class='ocrx_word' id='word_1_162' title='bbox 2809 3712 3342 3814; x_wconf 84' lang='lat' dir='ltr'><strong>intelligentiam</strong></span> <span class='ocrx_word' id='word_1_163' title='bbox 3387 3739 3626 3790; x_wconf 89' lang='lat' dir='ltr'><strong>eorum</strong></span> <span class='ocrx_word' id='word_1_164' title='bbox 3641 3775 3660 3802; x_wconf 94' lang='lat'><em>,</em></span> 
     </span>
     <span class='ocr_line' id='line_1_17' title="bbox 612 3830 3662 3935; baseline 0.001 -29"><span class='ocrx_word' id='word_1_165' title='bbox 612 3833 685 3907; x_wconf 93' lang='lat' dir='ltr'><strong>in</strong></span> <span class='ocrx_word' id='word_1_166' title='bbox 754 3833 1015 3933; x_wconf 88' lang='lat' dir='ltr'><strong>quibus</strong></span> <span class='ocrx_word' id='word_1_167' title='bbox 1086 3834 1455 3910; x_wconf 87' lang='lat' dir='ltr'><strong>Rectorem</strong></span> <span class='ocrx_word' id='word_1_168' title='bbox 1508 3830 1941 3930; x_wconf 87' lang='lat' dir='ltr'><strong>acquiescere</strong></span> <span class='ocrx_word' id='word_1_169' title='bbox 1994 3839 2303 3932; x_wconf 89' lang='lat' dir='ltr'><strong>oportet,</strong></span> <span class='ocrx_word' id='word_1_170' title='bbox 2368 3831 2769 3908; x_wconf 87' lang='lat' dir='ltr'><strong>auditorum</strong></span> <span class='ocrx_word' id='word_1_171' title='bbox 2825 3833 3108 3935; x_wconf 89' lang='lat' dir='ltr'><strong>ingenia</strong></span> <span class='ocrx_word' id='word_1_172' title='bbox 3157 3834 3258 3909; x_wconf 91' lang='lat' dir='ltr'><strong>ita</strong></span> <span class='ocrx_word' id='word_1_173' title='bbox 3300 3835 3662 3934; x_wconf 92' lang='lat' dir='ltr'><strong>paullatim</strong></span> 
     </span>
     <span class='ocr_line' id='line_1_18' title="bbox 612 3951 3659 4054; baseline 0 -26"><span class='ocrx_word' id='word_1_174' title='bbox 612 3953 973 4030; x_wconf 89' lang='lat' dir='ltr'><strong>obtudisse</strong></span> <span class='ocrx_word' id='word_1_175' title='bbox 992 4013 1013 4044; x_wconf 90' lang='lat'>‚</span> <span class='ocrx_word' id='word_1_176' title='bbox 1086 3963 1167 4029; x_wconf 90' lang='lat' dir='ltr'><strong>ut</strong></span> <span class='ocrx_word' id='word_1_177' title='bbox 1234 3952 1576 4054; x_wconf 89' lang='lat' dir='ltr'><strong>ampullas</strong></span> <span class='ocrx_word' id='word_1_178' title='bbox 1636 3958 1707 4026; x_wconf 92' lang='lat' dir='ltr'><strong>et</strong></span> <span class='ocrx_word' id='word_1_179' title='bbox 1765 3951 2277 4052; x_wconf 86' lang='lat' dir='ltr'><strong>sesquipedalia</strong></span> <span class='ocrx_word' id='word_1_180' title='bbox 2325 3976 2466 4028; x_wconf 90' lang='lat' dir='ltr'><strong>non</strong></span> <span class='ocrx_word' id='word_1_181' title='bbox 2513 3953 2814 4052; x_wconf 90' lang='lat' dir='ltr'><strong>amplius</strong></span> <span class='ocrx_word' id='word_1_182' title='bbox 2858 3953 3519 4042; x_wconf 85' lang='lat' dir='ltr'><strong>animadverterent,</strong></span> <span class='ocrx_word' id='word_1_183' title='bbox 3567 3979 3659 4028; x_wconf 88' lang='lat' dir='ltr'><strong>ne</strong></span> 
     </span>
     <span class='ocr_line' id='line_1_19' title="bbox 612 4071 3659 4174; baseline 0 -26"><span class='ocrx_word' id='word_1_184' title='bbox 612 4073 831 4149; x_wconf 89' lang='lat' dir='ltr'><strong>biduo</strong></span> <span class='ocrx_word' id='word_1_185' title='bbox 874 4073 1160 4172; x_wconf 88' lang='lat' dir='ltr'><strong>quidem</strong></span> <span class='ocrx_word' id='word_1_186' title='bbox 1200 4081 1349 4148; x_wconf 88' lang='lat' dir='ltr'><strong>tota</strong></span> <span class='ocrx_word' id='word_1_187' title='bbox 1388 4079 1733 4148; x_wconf 88' lang='lat' dir='ltr'><strong>constaret</strong></span> <span class='ocrx_word' id='word_1_188' title='bbox 1775 4071 1907 4147; x_wconf 88' lang='lat' dir='ltr'><strong>hoc</strong></span> <span class='ocrx_word' id='word_1_189' title='bbox 1955 4073 2370 4173; x_wconf 88' lang='lat' dir='ltr'><strong>magistratu</strong></span> <span class='ocrx_word' id='word_1_190' title='bbox 2408 4072 2669 4149; x_wconf 87' lang='lat' dir='ltr'><strong>abituri</strong></span> <span class='ocrx_word' id='word_1_191' title='bbox 2705 4073 3153 4174; x_wconf 87' lang='lat' dir='ltr'><strong>praeparatio.</strong></span> <span class='ocrx_word' id='word_1_192' title='bbox 3259 4075 3398 4150; x_wconf 89' lang='lat' dir='ltr'><strong>Sed</strong></span> <span class='ocrx_word' id='word_1_193' title='bbox 3436 4099 3659 4173; x_wconf 90' lang='lat' dir='ltr'><strong>quum</strong></span> 
     </span>
     <span class='ocr_line' id='line_1_20' title="bbox 612 4191 3658 4294; baseline 0.001 -29"><span class='ocrx_word' id='word_1_194' title='bbox 612 4191 700 4266; x_wconf 92' lang='lat' dir='ltr'><strong>de</strong></span> <span class='ocrx_word' id='word_1_195' title='bbox 771 4193 902 4268; x_wconf 88' lang='lat' dir='ltr'><strong>hac</strong></span> <span class='ocrx_word' id='word_1_196' title='bbox 971 4194 1360 4293; x_wconf 88' lang='lat' dir='ltr'><strong>suspicione</strong></span> <span class='ocrx_word' id='word_1_197' title='bbox 1428 4193 1743 4268; x_wconf 91' lang='lat' dir='ltr'><strong>nondum</strong></span> <span class='ocrx_word' id='word_1_198' title='bbox 1802 4192 2129 4268; x_wconf 86' lang='lat' dir='ltr'><strong>omnibus</strong></span> <span class='ocrx_word' id='word_1_199' title='bbox 2185 4216 2598 4294; x_wconf 87' lang='lat' dir='ltr'><strong>persuasum</strong></span> <span class='ocrx_word' id='word_1_200' title='bbox 2655 4201 2872 4282; x_wconf 86' lang='lat' dir='ltr'><strong>esset,</strong></span> <span class='ocrx_word' id='word_1_201' title='bbox 2936 4218 3296 4293; x_wconf 87' lang='lat' dir='ltr'><strong>quumque</strong></span> <span class='ocrx_word' id='word_1_202' title='bbox 3345 4195 3494 4292; x_wconf 88' lang='lat' dir='ltr'><strong>ipse</strong></span> <span class='ocrx_word' id='word_1_203' title='bbox 3539 4219 3658 4268; x_wconf 91' lang='lat' dir='ltr'><strong>eos</strong></span> 
     </span>
     <span class='ocr_line' id='line_1_21' title="bbox 612 4311 3654 4414; baseline 0 -29"><span class='ocrx_word' id='word_1_204' title='bbox 612 4311 823 4388; x_wconf 89' lang='lat' dir='ltr'><strong>etiam</strong></span> <span class='ocrx_word' id='word_1_205' title='bbox 870 4312 1080 4388; x_wconf 84' lang='lat' dir='ltr'><strong>affore</strong></span> <span class='ocrx_word' id='word_1_206' title='bbox 1122 4338 1397 4390; x_wconf 85' lang='lat' dir='ltr'><strong>nossem</strong></span> <span class='ocrx_word' id='word_1_207' title='bbox 1416 4373 1436 4406; x_wconf 92' lang='lat'><em>,</em></span> <span class='ocrx_word' id='word_1_208' title='bbox 1486 4335 1785 4412; x_wconf 86' lang='lat' dir='ltr'><strong>quorum</strong></span> <span class='ocrx_word' id='word_1_209' title='bbox 1832 4313 1921 4389; x_wconf 92' lang='lat' dir='ltr'><strong>de</strong></span> <span class='ocrx_word' id='word_1_210' title='bbox 1968 4313 2245 4414; x_wconf 86' lang='lat' dir='ltr'><strong>egregia</strong></span> <span class='ocrx_word' id='word_1_211' title='bbox 2287 4312 2806 4413; x_wconf 89' lang='lat' dir='ltr'><strong>perspicacitate</strong></span> <span class='ocrx_word' id='word_1_212' title='bbox 2854 4312 3021 4388; x_wconf 89' lang='lat' dir='ltr'><strong>haec</strong></span> <span class='ocrx_word' id='word_1_213' title='bbox 3067 4312 3298 4388; x_wconf 86' lang='lat' dir='ltr'><strong>studia</strong></span> <span class='ocrx_word' id='word_1_214' title='bbox 3338 4313 3654 4387; x_wconf 89' lang='lat' dir='ltr'><strong>nondum</strong></span> 
     </span>
     <span class='ocr_line' id='line_1_22' title="bbox 611 4419 3651 4535; baseline 0 -30"><span class='ocrx_word' id='word_1_215' title='bbox 611 4419 998 4530; x_wconf 80' lang='lat' dir='ltr'><strong>quidquam</strong></span> <span class='ocrx_word' id='word_1_216' title='bbox 1066 4432 1444 4509; x_wconf 85' lang='lat' dir='ltr'><strong>detraxisse</strong></span> <span class='ocrx_word' id='word_1_217' title='bbox 1526 4443 1921 4535; x_wconf 86' lang='lat' dir='ltr'><strong>appareret,</strong></span> <span class='ocrx_word' id='word_1_218' title='bbox 1995 4457 2231 4510; x_wconf 90' lang='lat' dir='ltr'><strong>meum</strong></span> <span class='ocrx_word' id='word_1_219' title='bbox 2300 4442 2450 4509; x_wconf 83' lang='lat' dir='ltr'><strong>esse</strong></span> <span class='ocrx_word' id='word_1_220' title='bbox 2521 4432 2762 4533; x_wconf 87' lang='lat' dir='ltr'><strong>putavi</strong></span> <span class='ocrx_word' id='word_1_221' title='bbox 2832 4433 3116 4508; x_wconf 90' lang='lat' dir='ltr'><strong>tertium</strong></span> <span class='ocrx_word' id='word_1_222' title='bbox 3200 4431 3363 4507; x_wconf 91' lang='lat' dir='ltr'><strong>huic</strong></span> <span class='ocrx_word' id='word_1_223' title='bbox 3433 4431 3651 4506; x_wconf 92' lang='lat' dir='ltr'><strong>biduo</strong></span> 
     </span>
     <span class='ocr_line' id='line_1_23' title="bbox 610 4550 3650 4651; baseline 0.001 -26"><span class='ocrx_word' id='word_1_224' title='bbox 610 4558 1081 4650; x_wconf 89' lang='lat' dir='ltr'><strong>quartumque</strong></span> <span class='ocrx_word' id='word_1_225' title='bbox 1124 4552 1311 4628; x_wconf 85' lang='lat' dir='ltr'><strong>diem</strong></span> <span class='ocrx_word' id='word_1_226' title='bbox 1360 4552 1611 4629; x_wconf 88' lang='lat' dir='ltr'><strong>addere</strong></span> <span class='ocrx_word' id='word_1_227' title='bbox 1630 4612 1651 4643; x_wconf 94' lang='lat'>,</span> <span class='ocrx_word' id='word_1_228' title='bbox 1704 4577 1795 4628; x_wconf 88' lang='lat' dir='ltr'><strong>ne</strong></span> <span class='ocrx_word' id='word_1_229' title='bbox 1843 4553 2042 4629; x_wconf 90' lang='lat' dir='ltr'><strong>venia</strong></span> <span class='ocrx_word' id='word_1_230' title='bbox 2094 4553 2351 4630; x_wconf 88' lang='lat' dir='ltr'><strong>erranti</strong></span> <span class='ocrx_word' id='word_1_231' title='bbox 2399 4552 2572 4629; x_wconf 90' lang='lat' dir='ltr'><strong>mihi</strong></span> <span class='ocrx_word' id='word_1_232' title='bbox 2615 4557 3007 4651; x_wconf 84' lang='lat' dir='ltr'><strong>negaretur.</strong></span> <span class='ocrx_word' id='word_1_233' title='bbox 3106 4551 3348 4628; x_wconf 84' lang='lat' dir='ltr'><strong>Huius</strong></span> <span class='ocrx_word' id='word_1_234' title='bbox 3397 4550 3650 4628; x_wconf 90' lang='lat' dir='ltr'><strong>idcirco</strong></span> 
     </span>
     <span class='ocr_line' id='line_1_24' title="bbox 611 4668 3647 4774; baseline 0.002 -31"><span class='ocrx_word' id='word_1_235' title='bbox 611 4668 1011 4746; x_wconf 86' lang='lat' dir='ltr'><strong>dulcissima</strong></span> <span class='ocrx_word' id='word_1_236' title='bbox 1076 4695 1197 4771; x_wconf 88' lang='lat' dir='ltr'><strong>spe</strong></span> <span class='ocrx_word' id='word_1_237' title='bbox 1252 4671 1471 4746; x_wconf 86' lang='lat' dir='ltr'><strong>fretus</strong></span> <span class='ocrx_word' id='word_1_238' title='bbox 1534 4670 1609 4745; x_wconf 92' lang='lat' dir='ltr'><strong>in</strong></span> <span class='ocrx_word' id='word_1_239' title='bbox 1669 4670 1857 4748; x_wconf 91' lang='lat' dir='ltr'><strong>hunc</strong></span> <span class='ocrx_word' id='word_1_240' title='bbox 1912 4674 2138 4748; x_wconf 88' lang='lat' dir='ltr'><strong>locum</strong></span> <span class='ocrx_word' id='word_1_241' title='bbox 2185 4671 2410 4772; x_wconf 91' lang='lat' dir='ltr'><strong>prodii</strong></span> <span class='ocrx_word' id='word_1_242' title='bbox 2427 4729 2448 4761; x_wconf 92' lang='lat'><em>,</em></span> <span class='ocrx_word' id='word_1_243' title='bbox 2497 4671 2802 4771; x_wconf 90' lang='lat' dir='ltr'><strong>primum</strong></span> <span class='ocrx_word' id='word_1_244' title='bbox 2851 4671 2938 4747; x_wconf 92' lang='lat' dir='ltr'><strong>de</strong></span> <span class='ocrx_word' id='word_1_245' title='bbox 2989 4681 3400 4774; x_wconf 88' lang='lat' dir='ltr'><strong>argumento</strong></span> <span class='ocrx_word' id='word_1_246' title='bbox 3439 4673 3647 4749; x_wconf 81' lang='lat' dir='ltr'><strong>verba</strong></span> 
     </span>
    </p>
   </div>
   <div class='ocr_carea' id='block_1_5' title="bbox 609 4786 3644 4990">
    <p class='ocr_par' dir='ltr' id='par_1_5' title="bbox 609 4786 3644 4990">
     <span class='ocr_line' id='line_1_25' title="bbox 609 4786 3644 4892; baseline 0.002 -29"><span class='ocrx_word' id='word_1_247' title='bbox 609 4786 921 4865; x_wconf 87' lang='lat' dir='ltr'><strong>facturus</strong></span> <span class='ocrx_word' id='word_1_248' title='bbox 938 4847 959 4880; x_wconf 88' lang='lat'>,</span> <span class='ocrx_word' id='word_1_249' title='bbox 1026 4792 1215 4892; x_wconf 92' lang='lat' dir='ltr'><strong>quod</strong></span> <span class='ocrx_word' id='word_1_250' title='bbox 1272 4816 1501 4892; x_wconf 91' lang='lat' dir='ltr'><strong>neque</strong></span> <span class='ocrx_word' id='word_1_251' title='bbox 1553 4817 1597 4868; x_wconf 89' lang='lat' dir='ltr'><strong>a</strong></span> <span class='ocrx_word' id='word_1_252' title='bbox 1638 4792 2069 4892; x_wconf 88' lang='lat' dir='ltr'><strong>temporibus</strong></span> <span class='ocrx_word' id='word_1_253' title='bbox 2118 4792 2370 4870; x_wconf 88' lang='lat' dir='ltr'><strong>nostris</strong></span> <span class='ocrx_word' id='word_1_254' title='bbox 2423 4791 2814 4868; x_wconf 90' lang='lat' dir='ltr'><strong>seiunctum</strong></span> <span class='ocrx_word' id='word_1_255' title='bbox 2865 4801 2936 4870; x_wconf 90' lang='lat' dir='ltr'><strong>et</strong></span> <span class='ocrx_word' id='word_1_256' title='bbox 2991 4819 3150 4870; x_wconf 90' lang='lat' dir='ltr'><strong>vero</strong></span> <span class='ocrx_word' id='word_1_257' title='bbox 3202 4795 3644 4872; x_wconf 89' lang='lat' dir='ltr'><strong>coniunctum</strong></span> 
     </span>
     <span class='ocr_line' id='line_1_26' title="bbox 3127 4915 3267 4990; baseline -0.014 0"><span class='ocrx_word' id='word_1_258' title='bbox 3127 4915 3267 4990; x_wconf 78' lang='lat'><strong>24*</strong></span> 
     </span>
    </p>
   </div>
   <div class='ocr_carea' id='block_1_6' title="bbox 4631 3697 4634 4549">
    <p class='ocr_par' dir='ltr' id='par_1_6' title="bbox 4631 3697 4634 4549">
     <span class='ocr_line' id='line_1_27' title="bbox 4631 3697 4634 4549; baseline 0 0"><span class='ocrx_word' id='word_1_259' title='bbox 4631 3697 4634 4549; x_wconf 95' lang='lat' dir='ltr'><strong> </strong></span> 
     </span>
    </p>
   </div>
   <div class='ocr_carea' id='block_1_7' title="bbox 4631 4880 4633 5661">
    <p class='ocr_par' dir='ltr' id='par_1_7' title="bbox 4631 4880 4633 5661">
     <span class='ocr_line' id='line_1_28' title="bbox 4631 4880 4633 5661; baseline 0 0"><span class='ocrx_word' id='word_1_260' title='bbox 4631 4880 4633 5661; x_wconf 95' lang='lat' dir='ltr'><strong> </strong></span> 
     </span>
    </p>
   </div>
   <div class='ocr_carea' id='block_1_8' title="bbox 4631 4880 4633 5661">
    <p class='ocr_par' dir='ltr' id='par_1_8' title="bbox 4631 4880 4633 5661">
     <span class='ocr_line' id='line_1_29' title="bbox 4631 4880 4633 5661; baseline 0 0"><span class='ocrx_word' id='word_1_261' title='bbox 4631 4880 4633 5661; x_wconf 95' lang='lat' dir='ltr'><strong> </strong></span> 
     </span>
    </p>
   </div>
  </div>
 </body>
</html>
