4766 6034
1023 611 1115 676 84
2081 583 3034 685 A.Nraannrna'

1026 817 1391 910 sentiscat,
1442 821 1615 920 quid
1659 822 1933 897 muneri
1972 847 2099 898 suo
2136 832 2680 901 consentaneum
2727 834 2800 902 et
2847 828 3019 927 quid
3063 827 3201 904 sibi
3249 827 3604 927 agendum
3650 829 3764 904 sit.
3823 829 4062 930 Atque

1025 940 1125 1014 sic
1175 940 1520 1039 quidquid
1574 951 1735 1041 agat
1790 944 2014 1043 magis
2077 946 2440 1044 magisque
2503 947 2810 1022 muneris
2861 949 2970 1022 sui
3020 948 3260 1023 officiis
3313 949 3728 1048 respondere
3777 950 4062 1026 videbit.

1021 1058 1187 1133 Non
1236 1060 1566 1135 serviliter
1608 1062 1778 1137 alios
1818 1064 2102 1140 imitans
2121 1122 2141 1153 ,
2189 1065 2454 1140 abusus
2475 1124 2496 1154 ,
2549 1066 2607 1140 si
2655 1067 2780 1164 qui
2830 1068 3010 1157 sint,
3061 1067 3258 1142 facile
3299 1067 3694 1144 observabit
3729 1075 3804 1144 et
3831 1069 4066 1144 tollere

1020 1178 1400 1255 conabitur.
1469 1181 1691 1256 Cuius
1729 1185 2003 1282 generis
2040 1185 2438 1282 exemplum
2473 1187 2777 1261 cernitur
2816 1188 2891 1262 in
2932 1189 3196 1262 ratione
3237 1213 3362 1288 pro
3393 1189 3719 1264 concione
3748 1189 4064 1276 dicendi,

1019 1324 1199 1398 quae
1268 1302 1706 1400 praecedenti
1772 1305 2002 1379 seculo
2061 1305 2468 1404 pervulgata
2533 1313 2715 1393 erat,
2783 1331 3005 1405 quum
3063 1333 3290 1382 coram
3352 1309 3611 1408 populo
3675 1307 4068 1384 Christiano

1019 1442 1367 1494 sermones
1442 1421 1863 1497 haberentur
1882 1483 1901 1512 ,
1982 1425 2377 1524 linguarum
2455 1426 2975 1525 peregrinarum
3054 1427 3406 1502 vocabulis
3485 1427 3778 1526 aliisque
3854 1427 4068 1502 rebus

1016 1539 1270 1638 ineptis
1342 1543 1626 1617 onerati.
1728 1545 1893 1618 Non
1962 1546 2186 1644 magis
2258 1546 2549 1645 vestigia
2615 1553 2947 1644 sequetur
3004 1571 3244 1620 eorum
3265 1604 3286 1634 ‚
3357 1545 3482 1645 qui
3548 1557 3784 1620 nostra
3843 1553 4068 1620 aetate

1016 1659 1445 1736 orationibus
1488 1687 1675 1738 mere
1723 1664 2133 1763 dogmaticis
2169 1663 2531 1740 fastidium
2577 1665 3011 1741 auditoribus
3055 1674 3328 1754 creant,
3380 1666 3490 1741 vel
3533 1666 3712 1740 hane
3753 1665 4068 1740 fraudem

1014 1777 1102 1853 iis
1162 1779 1461 1870 faciunt,
1536 1789 1619 1857 ut
1677 1784 2031 1858 sectatoris
2098 1786 2157 1858 C
2176 1785 2315 1858 hri
2334 1785 2456 1858 sti
2521 1785 2744 1884 magis
2811 1811 2960 1860 esse
3005 1786 3378 1885 opinentur
3419 1785 3494 1859 in
3539 1784 3750 1860 rebus
3802 1784 4072 1860 theore-

1015 1897 1169 1973 ticis
1186 1956 1207 1987 ,
1256 1925 1470 1997 quam
1514 1903 1832 2001 practicis
1877 1905 2149 1979 versari.
2252 1905 2503 2004 Neque
2553 1905 2762 1980 etiam
2807 1906 3186 1980 sectabitur
3235 1929 3356 1980 eos
3378 1964 3398 1993 ‚
3449 1904 3612 2003 qui,
3661 1901 4071 2003 phantasiae

1017 2041 1185 2092 suae
1236 2018 1719 2120 indulgenteS,
1770 2025 2169 2099 auditorum
2213 2026 2482 2100 animos
2536 2026 2770 2100 minus
2823 2026 2915 2135 ad
2962 2025 3437 2099 Christum
3491 2024 3805 2122 erigant,
3856 2047 4070 2122 quam

1014 2161 1218 2212 aures
1266 2164 1505 2215 eorum
1562 2143 1865 2220 oratione
1888 2204 1908 2233 ‚
1974 2153 2339 2244 poetarum
2387 2144 2814 2244 imaginibus
2861 2144 3219 2219 cumulata
3237 2202 3258 2232 ,
3325 2143 3697 2218 mulceant.
3797 2143 4068 2240 Eodem

1014 2256 1225 2331 modo
1301 2285 1675 2359 puerorum
1747 2265 2153 2339 memoriam
2226 2289 2366 2339 non
2389 2323 2409 2352 ,
2484 2273 2569 2339 ut
2637 2265 2956 2340 nonnulli
3027 2262 3288 2351 solent,
3361 2263 3572 2337 rebus
3628 2263 4070 2362 supervacuis

1013 2375 1295 2467 obruet,
1343 2383 1761 2458 necessarias
1802 2385 2042 2459 leviter
2084 2392 2362 2460 tantum
2413 2385 2790 2484 attingens,
2890 2384 3142 2482 Neque
3190 2383 3425 2457 minus
3471 2382 3718 2456 decora
3757 2389 3830 2455 et
3870 2381 4070 2456 Chri-

1016 2497 1278 2574 stianae
1323 2501 1711 2601 Religionis
1760 2501 2106 2581 maiestati
2148 2505 2488 2580 contraria
2508 2563 2527 2594 ‚
2581 2529 2760 2604 quae
2807 2503 3072 2604 passim
3121 2502 3196 2577 in
3248 2500 3540 2578 aedibus
3599 2501 3806 2576 sacris
3851 2504 4032 2576 fiunt
4050 2561 4071 2590 ,

1013 2621 1421 2695 auctoritate
1462 2647 1589 2697 sua
1632 2623 1967 2700 tuebitur.
2069 2624 2540 2700 Domesticam
2559 2682 2580 2713 ,
2631 2648 2811 2723 quae
2855 2623 3113 2698 dicitur
3132 2681 3153 2711 ‚
3203 2620 3673 2697 visitationem
3718 2645 3857 2708 non
3903 2647 4066 2696 eum

1016 2739 1439 2835 quibusdam
1518 2744 1948 2819 aversabitur
1965 2803 1986 2834 ,
2056 2745 2181 2820 sed
2255 2743 2571 2844 religiose
2636 2743 2872 2843 potius
2953 2741 3218 2830 obibit,
3298 2748 3380 2814 ut
3445 2739 3762 2816 homines
3782 2800 3802 2830 ‚
3869 2765 4072 2817 curae

1016 2881 1184 2932 suae
1244 2860 1609 2935 mandatos
1626 2921 1647 2950 ‚
1708 2864 1936 2964 magis
2004 2865 2365 2965 magisque
2413 2863 2734 2938 sensibus
2785 2861 3073 2961 impleat
3127 2885 3284 2935 vere
3338 2860 3772 2937 Christianis.
3874 2862 4072 2941 Quid

1010 2975 1266 3077 plura?
1339 2980 1606 3056 Mirum
1657 2984 1843 3059 enim
1890 2992 1995 3060 est
2016 3045 2036 3074 ,
2086 3010 2298 3087 quam
2356 2982 2582 3058 multa
2631 2981 2886 3057 nostris
2939 2981 3148 3055 etiam
3198 2980 3452 3055 diebus
3498 2979 4032 3057 reformarentur
4050 3040 4071 3071 ‚

1012 3097 1075 3171 si
1123 3099 1333 3174 modo
1377 3099 1791 3203 Theologiae
1832 3106 2181 3180 Praeticae
2229 3105 2513 3204 regulae
2563 3108 3146 3203 cognoscerentur
3191 3109 3265 3175 et
3309 3099 3860 3176 observarentur.
3931 3101 4070 3175 Mi-

1012 3241 1171 3292 rum
1236 3227 1345 3293 est
1362 3278 1383 3309 ,
1446 3246 1658 3319 quam
1718 3225 1942 3299 multa
1998 3226 2254 3323 placita
2271 3284 2292 3312 ‚
2353 3223 2767 3322 praesertim
2820 3221 2913 3295 ad
2963 3220 3461 3295 Homileticam
3519 3228 3590 3294 et
3641 3219 4071 3319 Hturgicam

1012 3340 1429 3438 pertinentia
1447 3400 1468 3430 ,
1518 3349 1687 3417 tunc
1731 3343 1923 3418 brevi
1968 3344 2518 3430 obsolescerent,
2571 3366 2751 3439 quae
2795 3364 2984 3415 nunc
3024 3340 3114 3415 ab
3163 3339 3354 3415 haud
3407 3340 3650 3437 paucis
3669 3398 3690 3427 ,
3743 3340 3867 3439 qui
3911 3364 4072 3415 eum

1014 3458 1390 3559 Theologia
1448 3461 1759 3537 Praetica
1822 3464 1936 3537 vix
1989 3464 2296 3564 aliquam
2351 3459 2934 3537 consuetudinem
2979 3468 3509 3548 contraxerunt,
3559 3484 3816 3558 magna
3860 3459 4069 3533 inter'-

1015 3577 1188 3651 dum
1258 3579 1623 3655 iactatione
1698 3590 1770 3657 et
1836 3584 2051 3658 veluti
2112 3608 2201 3658 ex
2261 3579 2533 3681 tripode
2600 3578 2858 3678 partim
2933 3578 3408 3653 defenduntur
3425 3636 3447 3668 ,
3519 3579 3774 3677 partim
3838 3602 4068 3679 repro·

1014 3694 1291 3771 bantur.
1686 3704 1693 3713 ‘
2545 3742 2552 3747 -

1124 3933 1285 4010 ·1V.
1367 3936 1616 4012 Restat
1674 3947 1755 4013 ut
1819 3940 2264 4017 observemus
2284 3997 2305 4029 ,
2370 3964 2682 4041 mqqnam
2730 3940 3051 4013 Muneris
3101 3940 3306 4011 Sacri
3338 3940 3754 4037 gravitatem
3803 3938 4064 4011 omnino

1004 4076 1282 4151 poscere
1327 4065 1406 4130 ut
1446 4067 1630 4133 recte
1666 4070 1979 4159 ρωπίαν.

1106 4173 1225 4248 Ab
1275 4200 1358 4249 eo
1373 4233 1395 4265 ,
1445 4178 1570 4275 qui
1623 4180 1900 4254 muneri
1946 4179 2156 4255 alicui
2195 4178 2632 4278 praepositus
2682 4184 2830 4266 est,
2878 4176 3030 4250 iure
3073 4175 3388 4274 poscitur
3405 4232 3426 4263 ,
3477 4182 3559 4249 ut
3604 4174 3779 4249 illud
3827 4198 4062 4275 gerere

1010 4292 1181 4369 sciat
1198 4352 1221 4383 ,
1284 4296 1615 4394 quoniam
1680 4323 2047 4399 nunquam
2094 4298 2351 4373 desunt
2370 4356 2392 4386 ,
2443 4320 2745 4396 quorum
2793 4295 3108 4383 intersit,
3159 4320 3298 4394 qua
3345 4294 3610 4369 ratione
3661 4294 3737 4368 in
3783 4318 3868 4368 eo
3915 4316 4060 4367 ver-

1008 4418 1217 4488 setur.
1288 4416 1485 4493 'Quo
1560 4418 1779 4493 maior
1844 4443 2005 4493 vero
2064 4426 2173 4493 est
2240 4415 2550 4494 mnneris
2617 4413 2922 4515 gravitas
2941 4471 2962 4501 ‚
3013 4437 3154 4512 quo
3200 4413 3508 4514 plurium
3553 4414 3842 4488 interest
3889 4436 4059 4512 quo-

1008 4534 1218 4607 modo
1259 4542 1633 4635 peragatur
1650 4595 1671 4625 ‚
1721 4563 1863 4635 quo
1912 4535 2246 4635 ampliora
2288 4535 2477 4609 bona
2527 4556 2692 4606 cum
2739 4556 2822 4605 eo
2869 4554 3178 4606 connexa
3227 4538 3393 4604 sunt
3409 4589 3430 4620 ,
3480 4556 3564 4606 eo
3613 4530 3870 4605 maiore
3909 4530 4060 4603 iune

1007 4651 1347 4751 poscitur,
1398 4659 1483 4726 ut
1526 4679 1665 4729 non
1711 4656 1849 4731 nisi
1892 4657 2035 4730 viro
2053 4713 2073 4744 ,
2126 4653 2303 4729 bene
2355 4651 2449 4727 ad
2489 4651 2620 4727 hoc
2664 4656 2907 4748 parato
2930 4707 2952 4739 ,
2999 4650 3374 4726 mandetur
3393 4707 3413 4738 ,
3463 4674 3547 4726 eo
3599 4650 3836 4749 plura,
3888 4672 4058 4747 quo-

1012 4771 1144 4846 ties
1184 4796 1503 4870 perverse
1537 4774 1802 4873 geritur
1818 4832 1841 4865 ,
1892 4775 2148 4851 damna
2185 4771 2351 4847 inde
2391 4770 2709 4846 oriuntur
2723 4826 2746 4859 ,
2797 4770 3068 4869 quoties
3114 4793 3274 4845 vero
3309 4776 3492 4845 recte
3507 4825 3528 4859 ‚
3565 4768 4053 4844 emolumenta.
