4766 6034
959 4855 1000 4866 κ

1231 592 1318 663 12
1819 586 1821 589 ⁴
2303 595 2371 661 F.
2454 596 2533 663 G.
2619 596 3209 703 KRI'EGER

1333 804 1773 881 Domesticae
1838 803 2016 879 vitae
2081 828 2306 880 annus
2374 830 2670 906 sequens
2722 806 2857 882 fuit
2897 804 3368 883 memorabilis
3385 865 3406 896 ,
3480 807 3740 908 quippe
3797 834 3937 910 quo
3982 836 4204 891 uxorem

1239 922 1516 999 duxerit
1534 983 1554 1015 ,
1605 925 1882 1000 viduam
1932 924 2060 999 viri
2104 926 2513 1026 amplissimi
2560 928 2919 1003 Camoni«
2934 986 2955 1017 ,
3006 953 3046 1003 e
3094 934 3302 1028 gente
3350 927 3897 1027 IJsseldykiana.

1331 1044 1468 1117 Per
1510 1046 1601 1117 25
1649 1067 1864 1119 annos
1907 1043 1982 1117 in
2031 1043 2299 1125 dilectis
2353 1046 2490 1121 sibi
2548 1048 2803 1123 studiis
2861 1047 3252 1124 excolendis
3299 1072 3678 1149 eorumque
3726 1051 4051 1127 fructibus
4086 1079 4207 1129 cum

1235 1163 1546 1238 studiosa
1584 1164 1948 1239 iuventute
1993 1166 2584 1242 communicandis
2609 1175 2915 1243 versatus
2930 1227 2951 1257 ‚
3000 1191 3165 1242 eum
3190 1190 3263 1241 se
3287 1167 3867 1247 anwannrrus
3892 1172 4209 1271 praestitit,

1233 1285 1510 1383 qualem
1568 1284 1712 1359 fore
1770 1286 1910 1361 iam
1973 1294 2135 1361 ante
2196 1287 2378 1362 cives
2441 1287 2592 1363 eius
2658 1288 3165 1377 iudicaverant3
3234 1311 3361 1363 nec
3411 1288 3801 1389 quidquam
3862 1292 4066 1391 magis
4110 1292 4211 1367 sibi

1231 1406 1420 1480 cordi
1485 1430 1636 1481 esse
1696 1407 2139 1496 ostendebat,
2209 1431 2425 1506 quam
2492 1416 2574 1483 ut
2612 1409 2823 1484 'cives
2884 1407 3309 1484 academicos
3373 1408 3467 1483 ad
3528 1410 3820 1486 eandem
3884 1412 4211 1507 studiorum

1228 1526 1652 1602 alacritatem
1701 1527 2059 1617 excitaret,
2111 1551 2251 1627 qua
2295 1530 2446 1628 ipse
2491 1528 2818 1603 fervebat.

1327 1646 1487 1723 Hoc
1549 1655 1785 1722 autem
1847 1649 2285 1747 potissimum
2355 1649 2504 1725 loco
2570 1648 2882 1725 oboritur
2933 1642 3257 1751 'quaestio
3275 1710 3295 1741 ,
3345 1652 3487 1727 iam
3537 1653 3690 1727 vivo
3738 1652 4215 1727 anwsnnrro

1229 1766 1490 1867 agitata
1503 1827 1524 1856 ,
1591 1770 1714 1867 qui
1758 1770 1882 1843 fiat
1896 1828 1916 1859 ,
1983 1776 2064 1845 ut
2107 1770 2256 1869 ipse
2320 1769 2410 1862 de
2474 1770 2837 1845 Indiarum
2890 1769 3352 1847 Orientalium
3398 1771 3685 1847 historia
3742 1770 4032 1846 naturali
4084 1769 4218 1843 nihil

1225 1884 1491 1985 publici
1553 1888 1724 1962 iuris
1780 1890 2068 1964 fecerit?
2167 1890 2243 1965 Si
2303 1889 2667 1965 nobiscum
2729 1897 3137 1989 reputamus
3196 1890 3369 1989 quid
3412 1891 3945 1968 anwAnnrro
3994 1888 4217 1989 publice

1229 2006 1401 2081 iuris
1449 2008 1671 2083 facere
1715 2009 2095 2109 potuisset,
2162 2036 2382 2111 quum
2444 2034 2569 2110 per
2629 2035 2749 2085 sex
2804 2034 3021 2086 annos
3068 2010 3140 2085 in
3196 2011 3370 2087 Java
3426 2011 3656 2087 insula
3704 2018 4007 2086 moratus
4046 2016 4219 2097 esset,

1227 2125 1353 2202 ubi
1401 2127 1700 2231 dirersas
1744 2138 1815 2204 et
1859 2155 2073 2229 quam
2121 2131 2423 2207 maxime
2461 2131 2825 2230 frugiferas
2869 2131 3384 2231 disquisitiones
3426 2132 3860 2219 instituerat,
3926 2138 3997 2205 et
4046 2154 4221 2229 quan·

1225 2258 1462 2347 topere
1530 2274 1762 2324 rerum
1825 2252 2247 2327 naturalium
2309 2251 2669 2327 scientiam
2732 2276 2987 2353 augere
3047 2260 3257 2351 atque
3317 2276 3716 2351 promovere
3776 2252 4120 2337 valuisset,
4178 2249 4223 2321 si

1223 2370 1597 2473 memoriae
1665 2371 1953 2470 prodere
2018 2372 2267 2449 harum
2331 2372 2873 2473 inquisitionum
2934 2372 3203 2447 fructus
3266 2371 3661 2460 statuisset,
3729 2371 3817 2446 ab
3896 2371 4039 2471 ipso
4094 2369 4223 2443 haec

1225 2514 1376 2565 esse
1448 2493 1931 2591 praetermissa
2010 2492 2318 2593 profecto
2388 2480 2496 2569 est
2569 2492 2760 2592 quod
2826 2493 3271 2567 vehementer
3345 2491 3726 2567 doleamus.
3828 2492 4222 2587 Quicumque

1227 2634 1387 2684 vero
1434 2611 1656 2686 altum
1699 2611 1876 2687 illud
1921 2612 2276 2688 silentium
2318 2613 2607 2688 inertiae
2656 2611 2935 2687 cuidam
2987 2613 3356 2701 tribueret,
3408 2637 3491 2687 eo
3536 2611 3690 2711 ipso
3741 2611 4039 2711 profiteri
4076 2608 4223 2682 vide-

1227 2736 1418 2805 retur
1475 2722 1587 2819 se‘,
1655 2738 1726 2804 et
1786 2734 2044 2807 summi
2108 2733 2569 2834 laboriosique
2630 2733 2757 2807 viri
2825 2733 3189 2834 ingenium
3252 2734 3567 2831 ignorare
3630 2740 3703 2805 et
3768 2756 3851 2807 ea
3914 2729 4223 2832 praecipue

1227 2849 1498 2940 omnia,
1565 2850 1824 2949 quibus
1890 2852 1978 2927 de
2041 2853 2423 2929 Academia
2480 2860 2716 2929 nostra
2780 2853 3008 2953 deque
3072 2852 3318 2951 litteris
3405 2850 3743 2928 universis
3826 2850 4087 2951 egregie
4144 2854 4225 2920 est

1224 2971 1535 3049 meritus.

1325 3094 1636 3171 Solvitur
1661 3103 1896 3172 autem
1931 3098 2051 3174 illa
2077 3099 2428 3199 quaestio,
2460 3099 2587 3174 ubi
2610 3099 3210 3173 Rmnwnan'rmu
3246 3096 3448 3173 nobis
3486 3094 3881 3172 multifariis
3920 3089 4220 3168 maximis-

1226 3239 1363 3314 que
1412 3215 1711 3315 negotiis
1759 3225 2178 3318 occupatum
2225 3219 2460 3295 animo
2506 3217 2999 3319 proponimus,
3050 3218 3311 3318 quibus
3354 3216 3867 3318 impediebatur
3906 3210 4225 3313 quominus

1226 3336 1658 3411 continenter
1706 3344 1779 3411 et
1819 3338 2062 3414 sedulo
2116 3346 2518 3440 congestam
2565 3338 2753 3412 illam
2803 3339 3163 3414 materiem
3206 3339 3623 3437 disponeret.

1322 3460 1534 3533 Anno
1603 3459 1794 3532 1833
1851 3457 2030 3534 festo
2089 3460 2244 3550 illo,
2315 3483 2528 3558 quem
2591 3466 2663 3533 et
2715 3457 2922 3534 hodie
2976 3458 3448 3549 celebramus,
3502 3459 3615 3535 die
3675 3483 3765 3534 ex
3814 3458 3943 3532 hoc
3994 3407 4223 3552 amplis·

1135 3579 1141 3586 ’
1227 3577 1407 3652 simo
1456 3577 1736 3652 dicendi
1784 3578 1934 3653 loco
1977 3579 2355 3655 orationem
2408 3579 2656 3654 habuit
2714 3607 2753 3650 tt
2770 3579 2860 3654 de
2904 3579 3277 3680 Geologiae
3330 3589 3491 3655 ortu
3532 3587 3606 3654 et
3641 3577 4027 3679 progressu’
4032 3576 4225 3671 ’quae

1231 3697 1424 3774 haud
1470 3697 1706 3774 minus
1751 3723 1830 3773 ac
1873 3700 2258 3800 superiores
2280 3759 2300 3789 ,
2350 3723 2527 3800 quas
2574 3699 2824 3775 habuit
2870 3699 3210 3775 orationes
3230 3759 3250 3790 ,
3297 3701 3529 3775 denuo
3553 3700 4043 3775 documentum
4066 3714 4222 3794 prae·

1229 3817 1392 3908 buit
1411 3878 1432 3909 ‚
1482 3823 1906 3920 quantopere
1957 3820 2032 3895 in
2077 3821 2319 3921 lingua
2372 3845 2513 3920 qua
2564 3819 2893 3895 utebatur
2939 3829 3299 3920 regnaret,
3350 3844 3702 3920 quamque
3753 3822 4094 3920 perspecta
4128 3811 4220 3885 ha·

1230 3939 1428 4014 beret
1493 3947 1705 4039 atque
1769 3940 2048 4041 cognita
2103 3965 2585 4042 quaecumque
2644 3941 2735 4016 ad
2791 3947 3077 4017 naturae
3142 3941 3452 4018 studium
3504 3967 3586 4017 ac
3638 3938 4061 4040 disciplinam
4100 3953 4220 4032 per·

1221 4059 1473 4137 tinent.

1326 4181 1592 4256 Aderat
1637 4182 1940 4283 denique
1982 4191 2264 4284 tempus
2289 4243 2310 4273 ‚
2364 4207 2507 4283 quo
2558 4181 3009 4260 honorificum
3058 4182 3516 4282 debitumque
3556 4181 3690 4257 sibi
3729 4180 3947 4256 otium
3969 4202 4049 4252 ex
4066 4172 4219 4249 labo·

1224 4301 1603 4378 riosissima
1649 4303 1792 4378 vita
1837 4301 2421 4382 Rnnswannrms
2465 4302 2975 4378 nancisceretur
3020 4311 3094 4378 et
3138 4327 3383 4381 ¹mense
3432 4303 3617 4379 Iulio
3662 4301 3828 4378 anni
3860 4301 4035 4376 1845
4078 4289 4219 4368 rude

1227 4421 1526 4498 donatus
1573 4429 1700 4498 est.

1327 4541 1446 4616 Ad
1489 4551 1917 4620 senectutem
1960 4552 2281 4644 provecto
2316 4545 2857 4620 Rzmwnnnrro
2898 4544 3027 4620 hoc
3070 4545 3219 4619 sine
3262 4543 3479 4620 dubio
3525 4551 3807 4644 gratum
3847 4535 4217 4616 iucundum·

1234 4683 1372 4759 que
1437 4660 1684 4737 debuit
1746 4664 2052 4740 accidere
2071 4723 2092 4754 ,
2161 4665 2352 4765 quod
2374 4722 2397 4754 ,
2482 4665 2982 4766 adproperante
3060 4663 3172 4739 die
3190 4722 3211 4753 ,
3284 4687 3426 4764 quo
3490 4661 3988 4763 quinquaginta
4051 4649 4217 4730 aunis

1231 4788 1393 4856 ante
1459 4804 1719 4858 munus
1787 4783 2258 4866 academicum
2317 4783 2584 4861 obierat
2602 4843 2625 4877 ,
2690 4785 2896 4862 amici
2950 4785 3389 4885 fautoresque
3435 4784 3843 4864 statuissent
3884 4779 3945 4858 ei
3982 4773 4217 4871 insigne
