4766 6034
1249 621 1375 688 176
2326 624 2393 691 o.
2463 621 2737 688 srAn
2805 588 3180 690 nulum

1244 830 1569 930 ceperint.
1667 830 1871 921 Quod
1912 829 2275 929 praecipue
2317 831 2770 906 tribuendum
2788 832 3124 906 ‘existimo
3169 829 3531 906 indefessis
3571 831 4052 907 scrutatoribus
4066 893 4082 920 ,
4115 833 4211 932 qui

1242 975 1385 1049 quo
1428 951 1660 1024 minus
1700 950 2185 1050 praeiudicatis
2232 951 2674 1048 opinionibus
2732 951 2926 1026 ducti
2969 951 3254 1026 fuerunt
3275 1008 3296 1038 ,
3345 974 3428 1024 eo
3479 950 3865 1051 religiosius
3901 961 3972 1026 et
3995 954 4212 1052 simpli-

1238 1071 1389 1146 cius
1439 1079 1762 1144 naturam
1808 1070 2037 1168 ipsam
2089 1071 2508 1169 interrogare
2560 1081 2772 1170 atque
2823 1070 3177 1169 explorare
3225 1079 3619 1173 coeperunt.
3744 1071 4005 1146 Pariter
4055 1072 4212 1146 theo-

1238 1189 1414 1288 logi,
1482 1213 1827 1288 quaenam
1894 1191 1985 1264 sit
2047 1190 2395 1289 religionis
2455 1199 2707 1265 natura
2729 1249 2750 1279 ,
2819 1191 3198 1289 Iesumque
3259 1189 3618 1265 Christum
3638 1249 3659 1279 ,
3725 1200 4039 1266 naturam
4090 1201 4214 1267 tum

1236 1309 1409 1397 Dei,
1475 1316 1833 1408 tamquam
1883 1309 2246 1385 hominum
2277 1314 2550 1407 patras,
2599 1320 2753 1384 tum
2794 1311 3088 1384 hominis
3136 1309 3535 1384 hominibus
3583 1319 3794 1409 atque
3845 1311 4069 1410 generi
4111 1311 4214 1384 hu·

1236 1452 1445 1503 mano
1486 1430 1687 1528 plene
1726 1430 2127 1528 patefecisse
2179 1439 2251 1504 et
2289 1430 2426 1528 ipsi
2469 1429 2894 1529 perspiciunt
2937 1437 3148 1527 atque
3193 1430 3521 1504 omnibus
3568 1430 3910 1505 declarare
3954 1431 4212 1504 student.

1238 1549 1339 1622 Ut
1386 1550 1870 1648 grammaticos
1909 1551 2223 1624 omittam
2248 1607 2267 1638 ,
2317 1549 2603 1624 historia
2645 1575 2686 1624 a
2724 1549 3328 1648 praestantissimis
3367 1549 3814 1648 scriptoribus
3848 1550 3948 1626 ita
3983 1551 4214 1624 tractari

1236 1676 1446 1767 atque
1490 1669 1789 1744 enarrari
1829 1671 2039 1759 solet,
2110 1679 2191 1744 ut
2234 1677 2577 1767 quantum
2621 1669 2773 1742 fieri
2819 1667 3038 1768 possit
3057 1726 3076 1757 ,
3147 1669 3240 1743 ad
3291 1667 3610 1743 intimam
3658 1668 3874 1743 vitam
3927 1670 4060 1743 sive
4105 1670 4217 1742 sin·
4309 1715 4322 1726 -

1234 1788 1581 1886 gularium
1627 1788 1987 1864 hominum
2032 1815 2155 1864 seu
2190 1791 2605 1888 populorum
2645 1790 2944 1862 totiusve
2973 1788 3244 1886 generis
3284 1788 3574 1864 humani
3615 1795 3973 1886 penetrare
4007 1813 4217 1864 conen-

1233 1919 1352 2018 tur
1370 1968 1389 1996 ,
1459 1909 1569 1982 vel
1625 1908 1837 1982 etiam
1895 1910 2241 2007 quomodo
2292 1907 2533 2008 populi
2586 1907 2889 1990 indolem
2951 1931 3148 1982 suam
3207 1915 3418 2006 atque
3464 1907 3830 2007 ingenium
3883 1907 3958 1982 in
4006 1902 4192 1982 literis
4209 1967 4224 1992 ,

1235 2027 1503 2102 artibus
1518 2085 1539 2115 ,
1586 2028 1845 2126 linguis
1882 2029 2271 2103 excolendis
2306 2028 2380 2102 in
2419 2028 2628 2102 rebus
2671 2027 2860 2102 domi
2896 2027 3266 2102 militiaeve
3285 2028 3500 2126 gestis
3525 2027 4020 2127 expresserint,
4061 2051 4222 2125 sepa·

1234 2147 1442 2222 ratim
1520 2131 1887 2222 memoriae
1976 2148 2276 2222 tradant.
2403 2149 2607 2223 Meae
2685 2155 2921 2223 autem
2991 2146 3478 2247 disputationis
3539 2154 3646 2221 est
3721 2147 4063 2246 huiusque
4121 2146 4226 2220 loci

1233 2266 1549 2365 inprimis
1584 2291 2117 2342 commemorare
2166 2276 2239 2342 et
2288 2267 2664 2354 celebrare,
2711 2269 2802 2342 ad
2843 2267 3202 2342 societates
3242 2267 3427 2366 ipsas
3475 2265 3817 2372 divinum
3841 2267 4016 2342 illud
4064 2291 4224 2365 prae·

1232 2393 1557 2486 ceptum·
1595 2385 1960 2486 omnisque
2048 2410 2245 2462 verae
2316 2387 2787 2485 philosophiae
2860 2386 3278 2486 principium
3343 2393 3601 2486 γνῶθι
3677 2395 4008 2463 σεαυτόν
4069 2409 4224 2460 nune

1230 2504 1673 2604 potissimum
1720 2506 1947 2606 magis
1996 2506 2359 2605 magisque
2403 2507 2676 2582 traduci
2721 2514 3046 2606 coeptum
3095 2531 3266 2583 esse.

1330 2626 1515 2700 Sunt
1590 2625 1879 2700 fortasse
1960 2627 2125 2724 qui,
2219 2626 2534 2758 quamvis
2605 2652 2745 2701 non
2821 2636 3119 2726 negent,
3191 2629 3382 2727 quod
3457 2653 3589 2727 ego
3663 2630 3886 2704 laetus
3957 2629 4228 2710 affirmo,

1228 2755 1463 2818 tamen
1518 2743 1940 2818 contendant
1995 2744 2124 2818 hoc
2172 2745 2373 2818 unice
2423 2744 2957 2820 adscribendum
3007 2769 3158 2820 esse
3208 2745 3407 2820 malis
3453 2755 3664 2880 atque
3707 2745 4198 2822 calamitatibus
4212 2801 4228 2828 ,

1114 2941 1121 2948 ,
1232 2861 1493 2961 quibus
1542 2869 1689 2936 tam
1733 2862 2031 2960 graviter
2080 2861 2321 2960 populi
2362 2885 2726 2960 oppressos
2777 2887 2928 2936 sese
2973 2863 3283 2938 sentiunt
3329 2872 3410 2938 ut
3453 2865 3663 2940 anxie
3703 2865 4011 2940 remedia
4049 2887 4227 2963 quae·

1142 2991 1153 2998 '
1230 2989 1389 3057 rant
1432 2980 1937 3115 interdumque
1963 3005 2088 3082 pro
2112 2979 2534 3057 salutaribus
2572 2980 2920 3057 mortifera
2961 2981 3099 3057 'sibi
3139 2990 3560 3080 comparent
3613 2983 3864 3082 Itaque
3905 2989 4233 3083 propterea

1227 3108 1481 3201 putant
1558 3100 1861 3176 maxima
1922 3098 2087 3176 eum
2166 3126 2331 3177 cura
2398 3108 2610 3200 atque
2686 3100 2902 3176 animi
2973 3101 3432 3177 sollicitudine
3493 3104 3568 3177 in
3637 3103 3968 3203 egestatis
4021 3124 4230 3177 causas

1224 3221 1521 3321 inquiri,
1597 3222 1930 3321 quoniam
1998 3244 2378 3321 egenorum
2445 3244 2778 3295 numerus
2845 3244 3232 3318 numquam
3296 3228 3532 3295 tantus
3602 3220 3816 3295 fuerit
3877 3220 4067 3321 apud
4133 3242 4228 3292 eos

1227 3341 1519 3441 populos
1538 3400 1559 3431 ,
1634 3342 1758 3439 qui
1817 3342 1999 3415 inter
2054 3340 2317 3441 optime
2382 3349 2685 3417 moratos
2745 3348 2818 3415 et
2879 3340 3398 3415 florentissimos
3452 3340 3643 3414 haud
3697 3339 4048 3415 immerito
4097 3360 4232 3413 een-

1228 3470 1503 3550 sentur,
1565 3468 1869 3561 quantus
1932 3460 2185 3537 nostris
2232 3458 2692 3558 temporibus:
2761 3460 2920 3535 ideo
2963 3460 3052 3535 de
3099 3452 3354 3559 poeni&
3383 3459 3787 3558 mitigandis
3807 3518 3826 3547 ,
3897 3460 3988 3533 de
4031 3481 4222 3533 carce·

1225 3579 1423 3654 ribus
1465 3578 1916 3655 emendandis
1933 3636 1954 3667 ,
1998 3578 2142 3653 imo
2189 3602 2347 3651 vero
2392 3577 2480 3651 de
2517 3577 2900 3653 innumeris
2933 3577 3118 3652 vitiis
3133 3635 3153 3665 ,
3208 3602 3387 3677 quae
3423 3579 3498 3652 in
3545 3586 3780 3653 rerum
3819 3578 4226 3678 publicarum

1230 3700 1420 3798 leges
1440 3756 1463 3787 ,
1530 3697 1851 3771 instituta
1869 3754 1888 3785 ,
1951 3697 2103 3771 iura
2121 3753 2141 3785 ,
2194 3720 2418 3771 mores
2437 3754 2458 3785 ,
2505 3720 2696 3771 sacra
2713 3754 2734 3785 ,
2775 3721 2898 3796 per
2935 3696 3300 3773 hominum
3349 3697 3812 3796 ignorantiam
3833 3755 3853 3784 ,
3894 3695 4222 3791 infirmita-

1083 3824 1086 3827 ’
1228 3828 1373 3893 tem
1393 3875 1414 3905 ,
1472 3824 1751 3917 peccata
1790 3816 2223 3915 irrepserint,
2264 3815 2590 3890 tollendis
2624 3816 2912 3915 cogitari
2951 3822 3164 3915 atque
3207 3817 3371 3916 agi,
3419 3820 3584 3916 quia
3625 3841 4013 3915 numquam
4053 3822 4228 3889 antea

1230 3936 1455 4037 magis
1512 3935 1889 4036 conspicua
1930 3934 2209 4011 fuerint.
2309 3935 2452 4010 Sed
2500 3937 2632 4011 hoe
2678 3937 2910 4037 ipsum
2931 3996 2952 4025 ‚
3011 3937 3248 4013 omnia
3296 3937 3415 4011 illa
3457 3960 3646 4010 nunc
3687 3937 4055 4035 conspicua
4099 3956 4226 4007 esse

1230 4076 1410 4156 quae
1466 4054 1634 4129 olim
1696 4053 1955 4153 pariter
2005 4055 2293 4131 aderant
2309 4112 2330 4144 ‚
2389 4080 2522 4131 nec
2565 4078 2720 4131 raro
2771 4057 2995 4131 multo
3041 4057 3268 4155 magis
3313 4080 3526 4154 quam
3565 4064 3800 4131 nostro
3855 4081 4053 4144 aevo,
4117 4076 4226 4125 non

1226 4200 1383 4251 vero
1430 4175 2006 4277 conspiciebantur
2020 4207 2051 4259 ;
2108 4174 2389 4273 penitus
2453 4198 2496 4249 a
2550 4174 2914 4273 permultis
2975 4174 3339 4273 persentiri
3383 4173 3699 4248 omnium
3739 4174 4014 4249 illorum
4067 4194 4221 4244 mor-

1227 4295 1479 4369 borum
1547 4292 1955 4392 gravitatem
2014 4300 2225 4391 atque
2282 4293 2719 4370 imminentia
2790 4294 3101 4393 undique
3163 4292 3606 4368 societatibus
3661 4290 4224 4386 humanitatisque

1228 4436 1475 4489 causae
1518 4411 1863 4511 pericula;
1913 4412 2341 4487 nobilissima
2382 4436 2724 4511 quaeque·
2743 4413 3023 4513 ingenia
3063 4436 3204 4487 uno
3249 4412 3464 4487 veluti
3501 4434 3620 4486 ore
3663 4410 3968 4510 profiteri
4003 4411 4222 4483 imma·

1126 4624 1131 4629 ,
1218 4556 1395 4631 ‘nem'
1465 4554 1615 4604 esse
1686 4528 2049 4606 hominum
2124 4532 2526 4607 servitutem
2601 4532 2922 4630 bellaque
2993 4532 3246 4606 belluis
3311 4530 3538 4629 magis
3583 4556 3794 4629 quam
3845 4526 4228 4605 Christianis

1229 4649 1504 4749 populis
1572 4649 1824 4747 digna;
1904 4648 2035 4725 hoc
2092 4650 2321 4749 ipsum
2345 4710 2366 4741 ,
2430 4652 2713 4750 inquam
2736 4710 2759 4741 ,
2827 4652 3098 4751 aliaque
3144 4651 3368 4726 multa
3413 4674 3646 4726 nonne
3695 4651 3990 4750 probant
4041 4646 4226 4722 veris-

1232 4772 1402 4845 sime
1463 4793 1576 4843 me
1634 4768 2046 4846 contendere
2099 4772 2393 4870 populos
2409 4830 2434 4863 ,
2496 4796 2637 4872 quo
2677 4772 3002 4849 cultiores
3051 4774 3285 4849 revera
3329 4771 3542 4864 fiant,
3603 4794 3686 4848 eo
3735 4769 4105 4849 studiosius
4147 4764 4226 4839 ad
