4766 6034
1217 606 1346 677 116
2420 608 2498 677 Η.
2566 608 2637 677 Ε.
2705 608 3052 677 VINKE

1220 820 1432 897 armagis
1483 836 1649 899 quam
1711 815 1920 877 cerebri
1937 862 1954 889 ,
2011 820 2068 877 et
2105 814 2326 879 affectus
2363 816 2545 894 magis
2564 862 2581 890 ,
2638 824 2809 898 quam'
2837 815 3255 897 intelligentiae.
3294 846 3377 861 —
3418 812 3529 877 Sed
3566 815 3799 875 alterum
3836 814 4001 877 multo
4038 816 4195 877 clarius

1219 928 1638 1001 nargumentum
1678 940 1738 981 se
1777 921 2080 983 etiamnum
2122 920 2296 982 offert.
2379 920 2571 981 Quum
2608 921 2762 981 enim
2798 920 2937 983 fides
2976 921 3262 981 Christum
3300 920 3658 1000 amplectatur
3678 963 3695 991 ,
3736 924 3801 979 ut
3836 918 3991 979 nobis
4016 919 4197 981 offertur

1221 1045 1291 1085 aa
1328 1025 1525 1084 Patre:
1569 1022 1664 1083 ille
1702 1041 1834 1085 vero
1873 1043 1990 1083 non
2029 1022 2091 1083 in
2133 1022 2400 1084 iustitiam
2441 1022 2609 1083 modo
2624 1066 2641 1093 ‚
2685 1030 3033 1105 peccatorum
3072 1021 3451 1085 remissionem
3494 1028 3551 1081 et
3592 1040 3784 1102 pacem
3824 1019 4087 1093 offeratur,
4122 1022 4199 1082 sed
4290 1040 4311 1069 ⁰

1221 1128 1314 1187 uin
1361 1125 1856 1189 sanctificationem
1902 1145 2120 1206 quoque
2173 1120 2231 1188 et
2286 1126 2501 1187 fontem
2554 1146 2727 1206 aquae
2766 1127 2923 1187 vivae
2943 1172 2959 1199 ,
3014 1146 3139 1187 eum
3178 1124 3328 1188 haud
3365 1122 3531 1185 dubie
3570 1124 3678 1185 rite
3722 1142 4043 1201 cognoscere
4076 1143 4199 1183 num·

1217 1250 1420 1309 uquam
1481 1234 1692 1311 potest,
1753 1229 1890 1309 quin
1950 1229 2444 1291 sanctificationem
2502 1229 2737 1310 Spiritus
2795 1230 2961 1289 simul
3022 1227 3415 1309 apprehendat.
3496 1230 3611 1288 Aut
3664 1226 3713 1287 si
3748 1228 3875 1307 quis
3912 1225 4123 1307 apertius
4152 1226 4199 1285 id

1218 1331 1462 1393 edictum
1524 1332 1736 1414 cupiat:
1800 1332 1966 1393 Fides
2018 1331 2082 1392 in
2144 1330 2354 1392 Christi
2400 1330 2602 1392 notitia
2656 1331 2765 1391 sita
2817 1331 2956 1393 est'’
3001 1336 3163 1391 caett.
3205 1330 3343 1412 (vid.
3385 1332 3427 1391 1.
3466 1330 3527 1391 in
3566 1350 3649 1390 or.
3686 1328 3802 1390 iam
3840 1326 4039 1406 lauth),
4092 1326 4201 1387 ibid.

1214 1458 1260 1497 s.
1307 1438 1364 1495 8.
1404 1467 1487 1479 -
1528 1434 1811 1496 aeCredunt
1861 1440 2009 1495 certe
2045 1434 2267 1515 plurimi
2307 1434 2491 1495 Deum
2534 1454 2681 1507 esse,
2745 1433 3137 1511 Evangelicam
3175 1433 3499 1511 historiam,
3562 1453 3629 1495 ac
3668 1432 3904 1511 reliquas
3938 1432 4201 1510 Scriptum

1222 1542 1438 1618 epartes
1497 1556 1656 1598 veras
1717 1558 1835 1599 esse
1895 1538 2266 1599 arbitrantur:
2321 1538 2484 1616 quale
2536 1539 2651 1599 lere
2689 1537 2957 1598 iudicium
2996 1554 3115 1597 esse
3156 1539 3299 1597 solet
3334 1535 3405 1599 de
3448 1535 3519 1597 iis
3537 1580 3554 1609 ,
3618 1554 3759 1615 quae
3796 1536 3887 1596 vel
3924 1534 4049 1594 olim
4082 1538 4205 1609 gesta

1220 1642 1578 1727 unas-rantur,
1641 1641 1732 1701 vel
1771 1640 1878 1721 ipsi
1917 1648 2234 1721 praesentes
2275 1641 2658 1721 spectavimus.
2720 1643 2864 1702 Sunt
2904 1640 3105 1711 etiam,
3169 1640 3265 1720 qui
3302 1641 3447 1700 ultra
3482 1638 3815 1719 procedant=
3878 1656 4007 1697 nam
4042 1640 4093 1696 et
4124 1635 4209 1695 Dei

1221 1762 1566 1804 asermonem
1606 1763 1707 1824 pro
1747 1744 2054 1805 certissimo
2093 1744 2301 1805 habent
2341 1746 2563 1805 oraculo
2584 1788 2600 1815 ,
2644 1762 2749 1805 nec
2788 1744 2905 1805 eius
2948 1748 3237 1823 praecepta
3275 1762 3497 1823 prorsus
3536 1742 3829 1819 negligunt
3848 1786 3865 1812 ,
3907 1746 3963 1801 et
3994 1737 4139 1799 minis
4164 1746 4209 1797 et

1221 1845 1708 1928 npromissionibus
1749 1853 2028 1926 utcunque
2070 1852 2506 1907 commoventur.
2568 1846 2796 1907 Talibus
2838 1844 3062 1925 quidem
3102 1844 3234 1905 fidei
3272 1844 3651 1907 testimonium
3688 1843 3949 1905 tribuitur
3964 1886 3980 1914 ,
4018 1840 4103 1901 sed
4136 1859 4211 1919 per

1221 1950 1695 2025 ακατιίκρησιν”,
1759 1950 1904 2011 ibid.
1963 1970 2008 2009 s.
2054 1955 2109 2011 9.
2149 1983 2232 1995 --
2276 1952 2519 2012 nVerum
2561 1950 2701 2011 haec
2740 1949 2873 2011 fidei
2912 1970 2959 2010 s.
3002 1950 3196 2011 umbra
3218 1994 3234 2022 ,
3300 1970 3344 2009 s.
3385 1950 3608 2027 imago.
3678 1952 3739 2007 ut
3776 1947 3979 2009 nullius
4014 1950 4091 2005 est
4120 1964 4211 2002 mo-

1221 2051 1432 2111 nmenti
1448 2097 1465 2124 ,
1521 2052 1604 2112 ita
1661 2050 1892 2129 indigna
1935 2058 2018 2113 est
2055 2051 2185 2113 fidei
2225 2052 2609 2133 appellatione.
2649 2086 2732 2098 —
2771 2052 3182 2133 Qualiscunque
3221 2052 3318 2113 illa
3358 2057 3443 2113 est
3479 2051 3723 2113 assensio
3747 2096 3763 2123 ,
3830 2048 3899 2111 ad
3946 2068 4037 2109 cor
4070 2046 4213 2128 ipsum

1095 2172 1100 2177 ’
1223 2172 1428 2233 uusque
1467 2153 1700 2214 minime
1741 2160 2024 2235 penetrat,
2069 2160 2130 2215 ut
2169 2154 2286 2215 illic
2325 2155 2506 2217 defixa
2545 2154 2807 2228 resideat,
2848 2161 2907 2217 et
2945 2176 3279 2236 quamquam
3314 2154 3527 2216 radices
3568 2154 3748 2232 egisse
3786 2151 4057 2217 interdum
4086 2148 4217 2211 vido-

1223 2262 1378 2329 ntur,
1443 2256 1600 2317 vivae
1641 2262 1826 2319 tamen
1865 2258 1995 2318 illae
2033 2278 2150 2318 non
2191 2252 2395 2331 sunt”',
2436 2258 2575 2319 ibid.
2620 2278 2665 2319 s.
2710 2263 2806 2319 10.
2847 2292 2923 2304 —
2970 2260 3087 2321 Hic
3126 2260 3445 2340 praecipuus
3486 2256 3615 2318 fidei
3654 2256 3822 2319 cardo
3866 2254 4113 2325 vertitur,
4160 2271 4217 2311 ne

1222 2378 1394 2441 aquas
1432 2359 1705 2421 Dominus
1746 2359 1902 2422 offert
1939 2360 2346 2421 misericordiae
2387 2361 2777 2441 promissiones
2796 2408 2813 2435 ,
2856 2369 3013 2425 extra
3052 2382 3155 2423 nos
3194 2367 3411 2424 tantum
3450 2382 3609 2423 veras
3646 2380 3767 2422 esse
3798 2359 4137 2429 arbitremur,
4170 2356 4215 2415 in

1219 2462 1417 2526 anobis
1467 2462 1732 2524 minime:
1795 2462 1893 2525 sed
1949 2468 2012 2523 ut
2065 2462 2248 2545 potius
2304 2483 2397 2525 eas
2450 2464 2601 2525 intus
2654 2465 3071 2546 complectendo
3118 2470 3338 2527 nostras
3377 2463 3718 2537 faciamus'’,
3772 2462 3915 2523 ibid.
3954 2482 3999 2523 s.
4040 2464 4124 2521 16.
4156 2490 4219 2502 -—

1219 2566 1380 2629 uNec
1432 2566 1566 2626 satis
1621 2564 1790 2627 filerit
1803 2610 1819 2639 ,
1873 2570 2119 2627 mentem
2171 2586 2290 2627 esse
2331 2564 2441 2628 Dei
2482 2567 2692 2649 Spiritu
2730 2568 3097 2630 illuminatam
3112 2615 3127 2642 ‚
3186 2568 3297 2629 nisi
3336 2572 3397 2631 et
3432 2567 3548 2629 eius
3586 2566 3792 2629 virtute
3832 2586 3933 2628 cor
3966 2566 4221 2627 offirmetm·

1219 2688 1321 2730 nac
1370 2668 1628 2729 fulciatur
1641 2668 1704 2742 ”,
1758 2667 1897 2729 ibid.
1954 2688 2000 2729 s.
2059 2672 2158 2729 33.
2211 2701 2290 2715 -
2351 2670 2585 2750 ‚Neque
2638 2670 2789 2733 enim
2830 2673 2879 2732 si
2916 2674 2977 2733 in
3016 2690 3231 2733 summo
3272 2670 3497 2733 cerebro
3538 2671 3817 2731 volutatur
3856 2668 3965 2730 Dei
4002 2668 4219 2735 verbum,

1224 2770 1368 2833 ‚fide
1427 2775 1747 2852 perceptum
1808 2777 1924 2833 est:
1989 2770 2088 2833 sed
2145 2770 2241 2833 ubi
2291 2772 2352 2833 in
2394 2772 2509 2835 imo
2552 2774 2718 2836 corde
2760 2774 2971 2836 radices
3008 2775 3158 2853 egit,
3220 2779 3286 2835 ut
3324 2774 3396 2835 ad
3434 2773 3780 2835 sustinendas
3820 2770 4223 2853 repellendasque

1222 2894 1454 2935 nomnes
1509 2875 1880 2938 tentationum
1933 2875 2218 2937 machinas
2270 2876 2541 2939 invictum
2594 2878 2669 2939 sit
2704 2880 3170 2960 propugnaculum
3186 2877 3249 2951 ”,
3304 2876 3439 2939 ibid.
3474 2896 3521 2937 s.
3568 2881 3665 2938 36.
3703 2908 3787 2921 -—
3825 2876 4001 2935 Porro
4036 2873 4219 2951 egregie

1215 2976 1416 3059 probat
1477 2978 1782 3040 Canvnws
1799 3025 1815 3054 ,
1877 2979 2044 3042 fidem
2105 3000 2258 3062 spem
2319 3000 2392 3042 ex
2454 3001 2513 3044 se
2572 2981 2805 3062 gignere
2822 3029 2837 3056 ,
2898 2982 3035 3045 ibid.
3100 3002 3145 3043 s.
3208 2986 3287 3042 42
3328 3000 3411 3060 sq.
3452 3012 3531 3026 -
3572 2978 3829 3060 Denique
3870 2977 4221 3062 poenitentiam

1214 3081 1472 3161 bonaque
1509 3101 1679 3163 opera
1716 3103 1834 3144 non
1873 3083 2042 3145 modo
2083 3083 2254 3145 fidem
2296 3085 2559 3146 continuo
2602 3086 2859 3167 subsequi
2872 3132 2890 3161 ‚
2932 3087 3029 3148 sed
3064 3105 3135 3146 ex
3167 3105 3235 3147 ea
3265 3082 3419 3145 nasci
3450 3084 3723 3166 praeclare
3742 3081 4003 3164 exponit,
4036 3080 4221 3140 dicens:

1220 3185 1442 3247 nauum
1496 3185 1647 3247 enim
1701 3187 1864 3248 venia
1912 3193 1970 3248 et
2008 3187 2261 3248 remissio
2301 3207 2401 3267 per
2442 3189 2735 3267 Evangelii
2779 3189 3247 3270 praedicationem
3284 3187 3412 3249 ideo
3450 3187 3709 3248 offeratur
3722 3231 3741 3259 ‚
3796 3191 3865 3248 ut
3904 3207 3941 3246 a
3976 3182 4225 3263 tyrannide

1220 3291 1491 3356 arSatanae
1507 3335 1522 3362 ‚
1563 3289 1776 3370 peccati
1816 3289 1948 3368 iugo
1990 3295 2048 3351 et
2077 3289 2278 3350 misera
2309 3290 2575 3352 servitute
2608 3292 2871 3354 vitiorum
2905 3293 3169 3354 liberatus
3205 3298 3460 3374 peccator
3488 3292 3552 3352 in
3582 3309 3819 3368 regnum
3846 3290 3957 3351 Dei
3988 3291 4221 3350 masat:

1221 3397 1423 3453 ucerte·
1445 3391 1738 3470 Evangelii
1779 3393 2018 3472 gratiam
2055 3413 2220 3454 nemo
2261 3394 2520 3474 amplecti
2553 3399 2735 3475 potest
2750 3439 2765 3467 ‚
2810 3395 2947 3474 quin
2986 3415 3056 3456 ex
3094 3396 3369 3457 erroribus
3408 3395 3555 3456 vitae
3593 3393 3791 3475 prioris
3808 3394 3873 3454 in
3896 3399 4091 3454 rectam
4108 3389 4225 3450 viam

1225 3515 1318 3556 use
1355 3491 1586 3576 recipiat
1599 3539 1616 3568 ‚
1655 3499 1945 3575 totumque
1984 3515 2141 3557 suum
2176 3495 2419 3558 studium
2456 3497 2692 3579 applicet
2728 3497 2800 3559 ad
2833 3497 3205 3580 poenitentiae
3238 3497 3651 3559 meditationem
3667 3496 3727 3571 ”,
3763 3495 3907 3556 ibid.
3930 3517 3978 3556 c.
3998 3494 4105 3556 111.
4122 3512 4161 3552 s.
4178 3493 4223 3550 l.

1304 3599 1450 3672 120)
1489 3596 1733 3674 Egregie
1789 3599 2104 3658 Sonnnxnn
2156 3597 2216 3659 in
2287 3601 2477 3660 mol.
2532 3602 2691 3661 Scud.
2740 3621 2797 3662 u.
2838 3602 2999 3662 Krit.
3044 3605 3197 3662 1855
3240 3602 3293 3662 Ι.
3335 3605 3443 3661 55:
3509 3599 3661 3660 aeDer
3699 3599 3987 3670 Glaube”‚
4044 3595 4221 3674 inquit,

1224 3697 1338 3757 uim
1391 3699 1814 3774 evangelischen
1871 3700 2086 3761 Sinnen
2137 3700 2235 3762 des
2292 3701 2537 3770 Wortes„
2572 3703 2783 3764 konnte
2824 3705 2977 3764 scine
3016 3703 3347 3782 Bedeutung
3386 3709 3501 3765 erst
3540 3703 3689 3764 dann
3730 3701 3933 3762 wieder
3970 3701 4195 3774 erlangen
4208 3739 4221 3764 2

1225 3798 1535 3862 anachdem
1589 3801 1842 3862 Christus
1897 3801 2096 3864 wieder
2133 3805 2216 3863 als
2257 3802 2375 3866 das·
2396 3805 2652 3883 alleinige
2694 3807 2830 3868 Heil
2872 3807 3109 3868 erkannt
3148 3827 3275 3868 war.
3358 3807 3467 3868 Wo
3508 3805 3601 3868 die
3636 3803 4010 3868 Erkenntniss
4048 3795 4223 3860 Christi

1223 3903 1400 3964 efehlt
1414 3947 1430 3977 ,
1472 3901 1546 3964 da
1583 3903 1718 3966 trifft
1758 3904 1850 3966 die
1890 3904 2471 3987 Gewissenserregung
2508 3909 2610 3970 auf
2642 3910 2733 3972 ein
2758 3913 3016 3986 salscbeo
3061 3911 3293 3987 offe&

1303 4002 1451 4085 121)
1487 4007 1673 4067 Unam
1719 4009 1942 4070 laudare
1997 4009 2152 4069 iuvat
2198 4012 2603 4086 Gom-saionem
2642 4015 3023 4089 Auqustanam
3062 4018 3121 4074 et
3164 4017 3327 4090 Gorff.
3364 4013 3661 4088 Belffi'eau.
3740 4011 3883 4072 Illa:
3931 4007 4223 4070 ,admoneu-

1223 4108 1427 4182 1tur'’‚
1485 4109 1697 4190 inquit,
1759 4112 2103 4184 abominer».
2145 4113 2296 4193 quod
2352 4113 2447 4176 hic
2498 4117 2705 4202 no'men
2760 4117 2893 4178 fidei
2948 4137 3063 4178 non
3104 4117 3379 4195 significet
3418 4121 3633 4176 tantum
3666 4113 3933 4176 historiae
3972 4110 4220 4176 notitiam,

1223 4211 1436 4291 equalis
1471 4217 1556 4276 est
1589 4213 1648 4272 in
1683 4212 1868 4295 impiis
1905 4222 1962 4276 et
2001 4214 2226 4278 diabolo
2244 4260 2260 4287 ,
2303 4215 2402 4278 sed
2444 4218 2719 4296 significet
2756 4217 2956 4293 fidem,
2999 4237 3141 4299 quae
3180 4218 3357 4280 credit
3388 4238 3505 4278 non
3544 4224 3761 4280 tantum
3794 4215 4108 4284 historiam·
4144 4207 4221 4270 ⁰⁸1

1224 4314 1428 4376 aetiam
1467 4313 1718 4378 effectum
1759 4317 2022 4380 historiae
2035 4363 2050 4391 ,
2109 4317 2366 4380 videlicet
2402 4320 2551 4382 huno
2592 4321 2884 4384 articulum
2901 4345 2920 4383 ε
2967 4322 3349 4384 remissionem
3388 4327 3735 4403 pecatorum
3750 4365 3766 4394 ,
3818 4319 3966 4401 quod
4002 4314 4223 4378 videlieet

1221 4435 1355 4496 uper
1397 4416 1682 4478 Christum
1722 4418 2023 4480 habeamus
2065 4419 2300 4498 gratiam
2317 4465 2333 4494 ,
2377 4421 2645 4484 iustitiam
2686 4428 2745 4484 et
2784 4423 3161 4484 remissionem
3202 4428 3570 4504 peccatorum.
3628 4423 3753 4482 Iam
3786 4421 3884 4501 qui
3914 4419 4045 4491 scit,
4077 4431 4222 4494 seper

1223 4521 1540 4581 uChristum
1579 4523 1786 4584 habere
1829 4523 2127 4605 propitium
2169 4525 2423 4598 Patrem,
2464 4525 2514 4585 is
2554 4545 2681 4588 vere
2715 4526 2875 4588 novit
2905 4525 3118 4599 Deum,
3164 4525 3271 4587 scit
3302 4545 3363 4587 se
3396 4527 3449 4586 ei
3482 4545 3641 4586 curae
3673 4544 3822 4598 esse,
3862 4525 4077 4584 invocat
4094 4536 4219 4590 cumi

1226 4623 1496 4704 udenique
1547 4645 1664 4686 non
1719 4633 1806 4688 est
1859 4629 1978 4688 sine
2031 4627 2154 4688 Deo
2209 4627 2350 4688 sicut
2391 4629 2647 4705 gentes?
2730 4630 2902 4690 Porro
2943 4635 3207 4709 provocat
3246 4617 3333 4690 ad'
3356 4633 3788 4701 Auuusnntm,
3844 4626 3941 4707 qui
3984 4623 4081 4683 nde
4114 4618 4223 4680 fidei

1222 4726 1482 4786 momine
1529 4727 1636 4787 hoc
1693 4728 1861 4791 modo
1921 4731 2184 4792 admonet
2238 4733 2501 4792 lectorem
2519 4777 2536 4804 ,
2592 4736 2650 4792 et
2694 4731 2889 4805 docet,
2943 4733 3003 4792 in
3046 4733 3341 4813 Scripturis
3380 4752 3585 4793 nomen
3622 4730 3753 4792 fidei
3790 4729 3967 4809 accipi
4001 4745 4105 4787 non
4138 4739 4223 4802 pro

1224 4827 1460 4889 nnotitia
1477 4873 1493 4901 ,
1550 4830 1726 4909 qualis
1763 4839 1851 4893 est
1887 4834 1948 4894 in
1987 4833 2175 4915 impiis
2191 4879 2208 4908 ,
2264 4833 2362 4895 sed
2400 4854 2501 4915 pro
2541 4833 2741 4898 fiducia
2756 4879 2775 4914 ι
2814 4855 2953 4914 quae
2996 4837 3310 4898 consolatur
3349 4841 3405 4896 et
3446 4834 3610 4913 erigit
3646 4831 4055 4916 perterrefactus
4090 4845 4218 4888 men·
