4766 6034
1955 618 2514 686 ORATIO.
3636 624 3763 691 107

713 829 878 904 haec
941 826 1180 928 religio
1240 825 1904 926 praestantissimam
1967 851 2048 902 ac
2105 827 2487 904 beneficam
2554 850 2753 903 suam
2816 825 3120 902 indolem
3176 828 3341 904 satis
3397 854 3741 929 superque

713 948 1275 1049 comprobaverit.

1721 1189 1775 1256 A
1822 1189 2286 1258 FACULTATE
2329 1189 2694 1258 mmmm
2717 1213 2734 1256 ε

717 1517 724 1524 .
841 1427 902 1501 Ι.
1001 1428 1376 1502 Enarretur
1422 1425 1712 1503 historia
1757 1429 2447 1506 fideicommissorum
2495 1431 2569 1504 in
2619 1429 2842 1529 patria
2888 1437 3145 1507 nostra.

806 1547 904 1620 II.
1004 1548 1154 1627 Qui
1198 1555 1358 1648 post
1395 1548 1778 1624 Huoonnu
1831 1551 2184 1628 Gno'rmu
2228 1551 2304 1626 in
2346 1550 2592 1651 Belgio
2643 1556 2875 1624 nostro
2911 1549 3083 1638 iuris
3128 1551 3445 1651 gentium
3494 1553 3741 1652 peritia

639 1681 652 1692 ·
703 1666 1012 1766 insignes
1067 1667 1326 1743 fuerint
1384 1668 1511 1743 viri
1571 1669 1796 1761 docti,
1848 1672 2090 1748 ordine
2141 1672 2643 1772 chronologico
2690 1677 3173 1746 recenseantur
3190 1730 3210 1761 ,
3262 1671 3513 1748 deinde
3565 1674 3738 1773 quid

702 1785 780 1858 in
817 1785 1158 1885 primariis
1203 1784 1390 1862 illius
1432 1786 1833 1887 disciplinae
1882 1790 2198 1890 partibus
2249 1789 2507 1891 singuli
2550 1791 3057 1890 praestiterint,
3108 1801 3511 1892 exponatur.

1239 2039 1291 2102 A
1340 2039 1805 2107 FACULTATE
1851 2039 2446 2108 PHILOSOPHIAE
2491 2039 3054 2110 THEORETICAE
3100 2045 3201 2108 ET

1644 2152 2168 2220 LITTERARUM
2211 2149 2801 2220 HUMANIORUM:

799 2391 858 2462 I.
962 2389 1379 2464 Instituatur
1445 2390 1837 2489 disquisitio
1897 2392 1985 2466 de
2053 2391 2387 2466 Honmrn
2444 2392 2767 2490 Epistola
2820 2393 2919 2464 ad
2964 2391 3288 2479 Pisones,
3352 2417 3493 2492 qua
3536 2335 3729 2490 prae·

702 2508 890 2608 cipui
947 2509 1117 2597 loci,
1161 2509 1256 2586 ‚in
1313 2510 1573 2608 quibus
1619 2510 1726 2586 vel
1772 2512 2136 2588 verborum
2159 2572 2177 2601 ,
2233 2512 2339 2588 vel
2386 2536 2619 2588 rerum
2666 2511 3127 2587 controversia
3178 2519 3303 2587 aut
3345 2511 3746 2587 obscuritas
3892 2587 3901 2594 .

699 2629 918 2718 inest,
967 2630 1364 2730 ponderatis
1413 2630 1825 2708 Criticorum
1874 2634 2258 2709 rationibus
2277 2693 2296 2721 ‚
2349 2634 2801 2733 explicentur.

799 2751 896 2824 ΙΙ.
994 2751 1438 2850 Exponatur,
1488 2751 1662 2852 quid
1701 2751 1792 2828 ad
1849 2753 2364 2830 diiudicandum
2412 2753 2927 2831 celeberrimam
2969 2754 3057 2829 de
3106 2752 3321 2845 animi
3364 2753 3729 2828 existentia

699 2872 1176 2968 quaestionem
1225 2871 1352 2946 hac
1399 2879 1634 2947 nostra
1682 2879 1905 2983 aetate
1949 2871 2499 2971 Anthropologia
2546 2871 2887 2948 attulerit.

1747 3122 1802 3187 A
1847 3121 2314 3189 FACULTATE
2356 3120 2655 3189 MEDICA
2680 3144 2696 3187 ε

795 3354 1303 3453 Experimentis
1370 3361 1524 3431 tum
1584 3354 1660 3429 in
1709 3354 1895 3430 ranis
1918 3412 1938 3443 ‚
2004 3361 2160 3429 tum
2213 3376 2370 3429 vero
2418 3352 2823 3453 praesertim
2862 3351 2937 3426 in
2984 3349 3474 3427 mammalibus
3528 3352 3726 3428 insti-

697 3474 872 3549 tutis
894 3534 913 3563 ,
978 3475 1369 3576 inquiratur
1417 3475 1494 3550 in
1544 3474 2002 3551 differentiam
2049 3474 2519 3550 mutationum
2540 3532 2559 3562 ‚
2610 3473 2893 3549 vulnera
2940 3480 3011 3548 et
3055 3472 3389 3549 fracturas
3431 3498 3726 3572 sequen·

697 3595 876 3671 tium
898 3655 918 3683 ,
965 3596 1208 3697 prouti
1251 3596 1481 3671 trunci
1523 3618 1888 3671 nervorum
1905 3653 1926 3683 ,
1975 3594 2070 3671 ad
2111 3594 2294 3671 laesa
2327 3595 2643 3671 membra
2680 3594 3178 3694 pertinentium
3200 3652 3221 3683 ,
3264 3594 3373 3670 vel
3410 3594 3728 3684 dissecti,

697 3713 811 3789 vel
847 3736 986 3789 non
1025 3714 1304 3789 dissecti
1338 3713 1596 3789 fuerint
1615 3771 1634 3802 ,
1685 3713 1784 3789 ita
1819 3712 2102 3814 quidem
2126 3772 2146 3803 ,
2195 3723 2278 3790 ut
2294 3773 2314 3804 ,
2361 3714 2627 3791 ratione
2668 3714 2911 3791 habita
2942 3721 3088 3790 tam
3131 3713 3425 3791 aliorum
3446 3771 3468 3804 ‚
3518 3732 3735 3815 quam

697 3834 1063 3909 Kosmou
1107 3834 1670 3936 disquisitionum
1691 3892 1710 3923 ,
1761 3834 1863 3908 vis
1903 3858 2270 3910 nervorum
2309 3834 2382 3909 in
2414 3834 3030 3910 inflammationem
3052 3891 3071 3924 ,
3122 3834 3727 3935 suppurationem,

697 3978 1032 4030 novarum
1095 3955 1410 4029 universe
1464 3954 1766 4053 partium
1831 3954 2311 4029 formationem
2330 4013 2349 4043 ,
2410 3954 2483 4028 in
2543 3953 2769 4054 ipsam
2830 3954 3002 4029 adeo
3033 3956 3425 4050 ,vulnerum
3476 3962 3547 4029 et
3589 3956 3724 4030 fra-

695 4083 1050 4151 cturarum
1099 4074 1523 4151 sanationem
1544 4132 1566 4164 ,
1613 4080 1958 4174 quantum
2005 4074 2156 4148 fieri
2202 4074 2461 4173 possit,
2512 4074 2799 4149 eluceat.

1012 4323 1067 4388 A
1111 4323 1577 4393 FAGULTATF.
1617 4284 2092 4391 mTflEsEos
2133 4324 2235 4391 ET
2273 4312 2878 4389 'PHILOSOPHIAE
2920 4320 3417 4389 NATURALIS:

795 4553 856 4627 I.
956 4553 1210 4629 Gritice
1255 4561 1690 4654 exponantur
1728 4500 2016 4629 naturae
2065 4559 2525 4629 scrutatorum
2573 4550 3051 4651 indagationes
3101 4557 3174 4624 et
3222 4548 3583 4651 opiniones
3636 4551 3723 4626 de

695 4672 1219 4777 Arthropodum
1287 4674 1644 4750 oculorum
1704 4674 2240 4773 compositorum
2302 4672 2563 4748 fabrica
2579 4730 2599 4761 ‚
2669 4678 2743 4745 et
2791 4670 3095 4771 partium
3145 4669 3497 4747 functione
3546 4671 3718 4771 phy-

696 4790 1020 4893 siologica
1035 4852 1056 4883 ‚
1105 4792 1360 4870 additis
1381 4852 1402 4886 ‚
1452 4800 1791 4893 quantum
1843 4794 2100 4893 possit,
2148 4793 2444 4894 propriis
2489 4790 3106 4869 observationibus.

3108 4914 3203 4984 14
3220 4910 3265 4957 ¹*
