4766 6034
1157 1665 1654 1742 contirones»,
1695 1667 1867 1729 vm
1907 1630 2395 1730 Ammssrm!

1153 1815 1327 1875 vm
1367 1815 1847 1889 cramssrm,
1890 1814 2308 1925 commin
2351 1813 3045 1877 coNJUNorrssmn

1153 1961 1628 2025 chUNQUE
1668 1961 2048 2025 CETERUM
2087 1960 2550 2023 DOCTRINAE
2591 1961 2854 2022 LAUDE
2896 1959 3418 2026 HONORUMVE
3458 1964 3715 2028 DIGNI-

1235 2066 1442 2126 ΤΔΤΕ
1485 2066 1904 2128 CONSPICUI
1918 2111 1935 2139 ,
1977 2065 2117 2126 HIC
2159 2065 2486 2126 ADESTIS
2498 2108 2516 2137 ,
2558 2063 2749 2126 VIRI-
2770 2065 3393 2130 SPEcTATISSImt

1153 2213 1622 2277 ACADEMIAE
1664 2215 1925 2288 CIVES,
1967 2214 2321 2276 JUVENES
2364 2212 2913 2276 ORNATISSIm1

909 2747 1168 2854 Multis
1234 2785 1306 2853 et
1369 2779 1752 2879 splendidis
1815 2779 2206 2856 studiorum
2269 2779 2599 2856 subsidiis
2657 2777 3038 2856 Academia
3090 2785 3327 2855 nostra
3376 2777 3717 2858 instructa

669 2906 792 2975 est.
893 2900 982 2973 In
1053 2895 1162 2973 his
1231 2905 1396 2972 sunt
1415 2957 1437 2988 ‚
1507 2899 1930 2999 quibuscum
1991 2900 2375 2976 arctissima
2440 2899 2615 2974 mihi
2674 2900 3040 2976 intercedit
3087 2901 3527 2976 necessitudo
3548 2959 3568 2990 ,
3643 2913 3717 2977 et

668 3044 969 3120 quorum
1020 3020 1296 3096 auxiliis
1346 3021 1658 3120 quotidie
1720 3022 1932 3098 fruor.
2029 3023 2310 3097 Partem
2370 3021 2526 3096 dico
2592 3021 3067 3097 Bibliothecae
3118 3022 3441 3121 publicae
3460 3080 3481 3110 ‚
3532 3048 3715 3122 quae

670 3140 1050 3227 Codieibus
1110 3141 1322 3217 Orien
1330 3141 1584 3217 talibus
1639 3142 2052 3218 continetur.
2151 3143 2372 3240 Saepe
2415 3140 2779 3216 audivistis
2824 3141 3095 3240 magnis
3150 3140 3476 3215 laudibus
3530 3141 3711 3237 hanc

671 3258 1002 3333 celebrari
1023 3318 1040 3347 ,
1089 3284 1314 3361 neque
1357 3262 1690 3362 ignoratis
1705 3320 1727 3351 ‚
1775 3261 1979 3337 Viros
2025 3261 2264 3336 doctos
2309 3260 2501 3335 haud
2544 3285 2803 3360 paucos
2848 3284 2937 3335 ex
2972 3260 3175 3335 variis
3228 3259 3430 3336 terris
3466 3260 3713 3336 urbem

673 3388 982 3454 nostram
1043 3380 1172 3455 hoc
1228 3382 1378 3457 solo
1435 3382 1719 3457 consilio
1773 3406 1912 3457 non
1969 3407 2120 3458 raro
2169 3380 2359 3458 adire
2377 3440 2399 3470 ‚
2450 3388 2531 3456 ut
2577 3380 2704 3455 hos
2748 3381 3041 3456 Codices
3089 3381 3548 3481 perlustrent,
3596 3406 3713 3456 ex-

671 3508 990 3599 cerpant,
1042 3501 1474 3592 describant,
1524 3509 1596 3578 et
1640 3502 1715 3577 in
1765 3527 1926 3578 suos
1971 3524 2146 3577 usus
2194 3508 2620 3577 convertant.

766 3621 966 3697 Haec
1036 3622 1198 3697 licet
1259 3622 1620 3698 notissima
1692 3622 1870 3713 sint,
1937 3622 2144 3699 multi
2209 3630 2445 3699 tamen
2510 3623 2825 3699 nondum
2891 3620 3357 3722 perspiciunt,
3424 3644 3601 3720 quas
3661 3620 3715 3694 ii

670 3738 867 3814 Libri
924 3741 1329 3842 Disciplinis
1383 3744 1628 3819 nostra*
1675 3743 1887 3819 etiam
1945 3752 2177 3821 aetate
2231 3744 2661 3820 illustrandis
2713 3750 3067 3842 praestent
3119 3740 3453 3816 utilitates
3467 3798 3489 3830 ‚
3541 3739 3713 3840 quin

669 3860 1054 3936 nescientes
1119 3887 1400 3961 prorsus
1417 3922 1438 3952 ‚
1509 3890 1686 3963 quae
1747 3863 2171 3963 Disciplinae
2186 3922 2206 3954 ,
2267 3888 2525 3968 quaeve
2582 3862 3125 3962 Disciplinarum
3168 3869 3419 3960 partes
3475 3885 3563 3935 ex
3626 3860 3715 3933 iis

673 3980 834 4057 solis
899 3989 1084 4058 reete
1144 3992 1648 4084 cognoscantur
1708 3986 1991 4059 demum
2012 4041 2032 4072 ,
2093 4008 2176 4059 eo
2239 3984 2567 4059 audaciae
2621 3984 3045 4084 procedunt,
3105 3996 3186 4056 ut
3232 3982 3525 4058 clamare
3570 4006 3709 4054 non

675 4101 1038 4177 dubitent:
1091 4107 1262 4204 quid
1299 4107 1566 4179 tandem
1615 4107 2034 4180 emolumenti
2057 4112 2226 4203 post
2264 4105 2515 4179 Libros
2544 4107 2701 4201 jam
2750 4106 2967 4179 editos
3014 4129 3100 4177 eoe
3147 4105 3303 4177 istis
3368 4102 3716 4177 Codicibus

674 4224 748 4295 in
795 4248 1191 4298 communem
1239 4250 1426 4299 usum
1457 4225 1706 4301 ‘adhuc
1751 4227 2136 4300 redundare
2174 4226 2442 4323 possit!

773 4340 874 4413 Ut
945 4365 1296 4439 perversas
1363 4343 1758 4418 istiusmodi
1821 4344 2180 4443 opiniones
2243 4367 2331 4416 ex
2392 4366 2633 4417 eorum
2696 4342 2945 4417 animis
2998 4342 3355 4416 evellerem
3377 4399 3395 4428 ,
3465 4340 3552 4413 de
3607 4338 3718 4414 his

673 4458 1148 4536 Bibliothecae
1199 4462 1541 4540 thesauris
1589 4464 1754 4539 data
1796 4464 2312 4565 opportunitate
2361 4461 2639 4537 dicendi
2690 4461 3055 4537 eonsilium
3094 4458 3517 4559 jamdudum
3572 4459 3717 4557 agi-

676 4578 935 4655 tabam.
1037 4579 1235 4658 Haec
1294 4583 1778 4682 opportunitas
1834 4609 2025 4659 nunc
2071 4582 2246 4659 mihi
2295 4582 2481 4657 ultro
2528 4581 2813 4657 offertur
2832 4640 2851 4670 ,
2900 4580 3216 4656 Rectoris
3260 4580 3529 4655 Munus
3578 4579 3715 4652 Ve-

677 4704 904 4774 terum
965 4724 1156 4776 more
1202 4701 1534 4778 Oratione
1579 4703 1900 4781 habenda
1943 4704 2361 4804 depositum.
2463 4701 2713 4777 Dicam
2759 4726 2926 4801 ergo
2971 4704 3057 4777 de
3113 4702 3421 4777 Codicum
3476 4702 3719 4775 Orien-

678 4820 912 4895 talium
933 4878 955 4909 ,
1017 4824 1136 4922 qui
1182 4824 1258 4899 in
1321 4824 1702 4900 Academici
1747 4826 2087 4925 qudensi
2131 4830 2489 4901 servantur
2506 4881 2526 4913 ,
2574 4822 3023 4899 Bibliotheca
3126 4821 3291 4897 Non
3331 4841 3529 4918 spero
3576 4816 3719 4889 fore
