4766 6034
1228 620 1356 689 100
1867 600 1872 603 ’
2435 624 2515 691 11.
2582 624 2653 692 a.
2722 622 3066 693 vmna

1229 834 1390 902 tum
1451 827 1764 902 decessor
1821 849 2022 901 meus
2083 849 2247 903 cum
2297 828 2733 906 auditoribus
2784 830 2928 905 suis
2972 828 3507 905 communicavit
3536 832 3663 925 ¹⁵⁶)
3726 856 4062 932 quemque
4101 834 4212 911 iam

1235 947 1533 1023 salutare
1585 969 1700 1021 me
1746 952 2036 1045 oportet.
2137 946 2591 1024 Gratulamur
2634 950 2767 1025 tibi
2812 958 2959 1026 toto
3002 974 3089 1025 ex
3143 949 3377 1025 animo
3426 949 3515 1025 de
3566 952 3825 1028 honore
3842 1012 3861 1041 ‚
3916 978 4049 1053 quo
4091 954 4215 1028 Rex

1233 1074 1308 1149 te
1383 1064 1654 1155 affecit,
1733 1090 1944 1165 quem
2009 1074 2291 1166 gratum
2352 1070 2483 1146 tibi
2548 1072 2763 1147 fuisse
2832 1078 3333 1170 acceptumque
3398 1070 3568 1144 mihi
3639 1074 4017 1172 persuadeo
4035 1132 4054 1161 ‚
4078 1099 4217 1149 —non

1239 1194 1521 1286 propter
1563 1209 1636 1260 se
1690 1186 1967 1285 ipsum;
2028 1209 2192 1261 nam
2237 1188 2411 1287 quid
2461 1189 2672 1267 habet
2720 1192 2939 1291 gloria
2978 1191 3053 1265 in
3096 1216 3169 1265 se
3188 1248 3209 1279 ,
3266 1214 3391 1265 cur
3428 1194 3881 1289 expetaturP,
3940 1194 4055 1267 sed
4088 1194 4220 1291 quia

1236 1306 1566 1380 virtutem
1613 1313 1975 1404 tamquam
2020 1305 2268 1383 umbra
2311 1310 2625 1408 sequitur
2644 1369 2665 1400 ,
2720 1334 3117 1411 munusque
3136 1368 3157 1397 ,
3214 1334 3353 1407 quo
3390 1309 3699 1409 fungeris
3718 1370 3735 1398 ,
3778 1312 4221 1411 gravissimum

1243 1448 1494 1500 novam
1547 1425 1678 1501 tibi
1738 1425 2024 1524 praebet
2080 1426 2481 1504 facultatem
2550 1430 2757 1505 vitam
2812 1438 3009 1505 tuam
3050 1430 3366 1528 viresque
3416 1428 3510 1503 ad
3554 1430 3989 1527 provehenda
4024 1432 4221 1503 iuven·

1239 1545 1413 1619 tutis
1469 1545 1832 1621 commoda
1883 1545 2286 1646 patriaeque
2339 1548 2633 1624 salutem
2692 1549 3091 1626 adhibendi.
3190 1547 3640 1623 Gratulamur
3689 1558 3926 1625 autem
3966 1573 4223 1648 praeser-

1245 1664 1374 1738 tim
1435 1664 1506 1738 ἐι
1554 1663 1755 1739 nobis
1771 1723 1790 1752 ‚
1854 1664 1924 1739 et
1981 1673 2256 1741 nostrae
2305 1668 2759 1759 Academiam
2821 1694 2987 1745 nam
3034 1668 3353 1743 novimus
3409 1676 3570 1743 tuas
3622 1670 3879 1743 mentis
3920 1669 4227 1766 animique

1245 1783 1442 1858 dotes
1462 1842 1482 1873 ‚
1553 1783 1818 1884 ingenii
1883 1808 2175 1860 acumen
2195 1844 2216 1873 ,
2277 1786 2615 1863 iudicium
2677 1790 3087 1864 acerrimum
3106 1848 3127 1879 ,
3183 1789 3623 1889 prudentiam
3644 1847 3663 1877 ‚
3722 1788 4228 1875 humanitatem,

1246 1903 1388 1977 veri
1444 1903 1751 2002 bonique
1813 1903 2126 1978 studium
2147 1962 2166 1993 ,
2230 1906 2616 1982 litterarum
2666 1932 2967 1985 amorem
2983 1968 3005 1998 ‚
3070 1908 3527 1983 institutionis
3567 1910 4041 2008 provehendae
4068 1908 4231 1983 ardo·

1251 2046 1398 2096 rem
1418 2081 1438 2110 ,
1498 2023 1852 2098 caritatem
1896 2023 2232 2122 denique,
2287 2051 2428 2124 qua
2470 2026 2759 2103 affectus
2801 2053 2877 2103 es
2924 2053 3088 2129 erga
3132 2036 3439 2105 nostram
3480 2028 3935 2105 Academiam
3955 2089 3974 2117 ‚
4018 2030 4233 2104 almam

1246 2152 1444 2218 tuam
1493 2150 1808 2219 matrem.
1880 2143 2078 2222 Quid
2119 2144 2374 2219 mirum
2416 2146 2634 2245 igitur
2651 2204 2671 2236 ,
2731 2172 3151 2249 magnopere
3202 2174 3329 2223 nos
3386 2149 3690 2247 gaudere
3748 2149 3838 2224 de
3880 2172 4146 2224 munere
4178 2148 4236 2221 in

1243 2272 1315 2338 te
1375 2263 1603 2338 delato
1659 2275 1730 2339 et
1771 2288 1812 2339 a
1857 2272 1928 2337 te
1969 2267 2338 2363 suscepto?
2406 2265 2889 2343 Persuasimus
2939 2270 3127 2344 enim
3185 2268 3423 2359 nobis,
3477 2292 3757 2344 omnem
3808 2276 3883 2342 te
3924 2293 4141 2344 curam
4179 2266 4235 2339 in

1251 2383 1710 2459 sustentanda
1801 2385 2260 2485 augendaque
2339 2384 2825 2463 Universitatis
2890 2397 3163 2465 nostrae
3228 2390 3567 2489 dignitate
3638 2414 3788 2465 esse
3869 2389 4237 2490 positurum.

1247 2502 1459 2579 Adsit
1500 2504 1632 2579 tibi
1677 2504 1956 2604 tuisque
2004 2504 2306 2605 Collegis
2345 2506 2543 2583 Deus
2580 2507 2923 2607 propitius
2939 2566 2959 2598 ,
3022 2520 3104 2585 ut
3143 2534 3253 2584 res
3271 2568 3291 2597 ,
3351 2534 3531 2609 quae
3586 2509 3785 2585 vobis
3824 2534 4029 2587 curae
4068 2517 4239 2595 sunt,

1253 2622 1544 2697 feliciter
1617 2648 2080 2724 prospereque
2157 2626 2497 2702 eveniant.
2626 2627 2837 2703 Adsit
2910 2628 3043 2704 tibi
3114 2628 3387 2728 illisque
3445 2629 3518 2702 in
3584 2628 4013 2727 gravissimis
4068 2628 4241 2701 etiam

1249 2741 1556 2816 consiliis
1573 2799 1594 2830 ,
1662 2768 1842 2842 quae
1907 2743 2242 2842 capienda
2295 2745 2489 2821 vobis
2548 2747 2727 2837 sint,
2788 2755 2871 2823 ut
2936 2748 3323 2823 Cathedrae
3378 2748 3516 2822 iam
3580 2748 3722 2823 iam
3776 2755 4093 2823 vacantes
4126 2745 4239 2821 exi-

1250 2860 1414 2935 miis
1463 2869 1796 2937 ornentur
1855 2863 2016 2938 viris
2036 2922 2058 2952 ‚
2110 2864 2236 2962 qui
2287 2864 2465 2940 nihil
2510 2860 2865 2966 antiquius
2920 2867 3223 2944 habeant
3240 2926 3260 2957 ‚
3313 2868 3675 2966 magisque
3728 2875 4011 2967 optent,
4067 2889 4240 2965 quam

1253 2978 1326 3054 et
1400 2966 1784 3057 litterarum
1849 2984 2100 3060 studiis
2169 3010 2251 3060 ac
2294 2984 2643 3062 iuventuti
2681 2987 3007 3086 prodesse
3031 3047 3052 3076 ,
3112 2992 3185 3062 et
3231 3010 3390 3062 vera
3446 2986 3806 3062 Societatis
3848 2986 4242 3062 Christianae

1254 3103 1620 3178 commoda
1675 3104 2067 3204 provehere.
2169 3105 2284 3180 Sic
2328 3112 2454 3180 tuo
2506 3107 3085 3208 Collegarumque
3128 3115 3412 3182 tuorum
3462 3107 3747 3183 consilio
3760 3166 3781 3198 ,
3842 3106 4241 3190 auctoritate,

1259 3222 1602 3298 sententia
1649 3223 1890 3300 floreat
1937 3232 2010 3298 et
2055 3226 2314 3300 crescat
2356 3226 2737 3303 Academia
2784 3227 3487 3304 Rheno-Traiectinal

1346 3466 1446 3538 Ut
1522 3474 1757 3541 autem
1817 3467 2198 3544 Academia
2253 3468 2525 3568 indiget
2589 3469 3045 3546 Curatoribus
3064 3528 3083 3558 ,
3152 3470 3249 3544 sic
3267 3527 3287 3558 ‚
3351 3475 3423 3544 et
3478 3468 3713 3543 minus
3780 3470 3993 3544 etiam
4052 3489 4243 3542 carere

1249 3584 1410 3680 inis·
1455 3594 1724 3684 potest,
1786 3587 1910 3687 qui
1971 3588 2234 3664 litteras
2299 3597 2597 3665 tractent
2642 3615 2723 3664 ac
2767 3589 3078 3666 doceant.
3180 3589 3395 3669 Quod
3442 3609 3605 3663 cum
3647 3579 3747 3663 ita
3798 3589 3929 3677 sit,
3976 3587 4047 3661 in
4090 3609 4241 3660 com·

1253 3705 1718 3780 memorandis
1781 3706 1930 3781 eius
1991 3707 2152 3782 fatis
2171 3766 2192 3797 ,
2263 3708 2352 3784 de
2402 3709 2510 3784 his
2557 3712 2957 3810 praesertim
3002 3697 3253 3786 referre
3300 3732 3413 3783 me
3456 3716 3749 3809 oportet.
3868 3709 3983 3782 De
4032 3703 4241 3782 studiis

1247 3823 1500 3898 nostris
1548 3824 2032 3926 laboribusque
2083 3826 2308 3924 dicere
2352 3829 2481 3905 nec
2520 3830 2951 3906 consuetudo
2998 3831 3133 3906 fert
3153 3889 3173 3920 ‚
3222 3837 3294 3904 et
3336 3837 3523 3905 vetat
3568 3828 3933 3904 modestia.
4028 3829 4239 3923 Itaque

1255 3943 1456 4018 unice
1505 3944 1593 4019 de
1642 3944 1805 4021 fatis
1851 3947 2104 4020 nostris
2151 3949 2503 4026 enarrabo.

1205 4103 1214 4114 ·
1349 4060 1584 4170 Pauca
1636 4061 1920 4160 quidem
1940 4121 1961 4152 ,
2011 4071 2084 4138 at
2136 4066 2470 4142 nonnulla
2516 4077 2752 4145 tamen
2796 4069 3084 4146 adversa
3123 4067 3418 4145 evenere'
3452 4069 3585 4144 sub
3630 4069 4053 4170 Magistratu
4088 4089 4233 4140 meo.

1249 4180 1466 4256 Vobis
1519 4182 1705 4258 enim
1727 4241 1748 4270 ,
1796 4181 1948 4257 Viri
1983 4183 2403 4262 Clarissimi!
2474 4188 2798 4289 Collegae
2839 4189 3419 4266 coniunctissimi:
3472 4192 4000 4266 Gaonunwonn
4017 4248 4038 4279 ,
4064 4187 4233 4264 Hor.-

1241 4325 1406 4376 rms
1429 4358 1451 4391 ‚
1505 4323 1651 4376 vsu
1706 4301 1948 4391 Rnns,
1996 4303 2195 4379 Burs
2246 4307 2591 4398 Bmm,
2640 4308 2995 4386 Hammo
3038 4317 3111 4384 et
3144 4332 3243 4384 nn
3292 4311 3541 4384 Galia!
3591 4321 3815 4386 morte
3856 4307 4071 4408 erepti
4098 4315 4235 4379 sunt

1237 4423 1517 4520 cognati
1571 4421 2019 4512 dilectissimi.
2120 4423 2485 4502 Praeterea
2530 4435 2825 4528 uterque
2864 4438 3167 4504 vestrum
3191 4487 3211 4518 ,
3279 4428 3385 4504 cl.
3427 4429 3783 4506 Hammo
3824 4437 3897 4505 et
3940 4429 4232 4503 Scnaor-

1233 4563 1383 4614 nnn
1447 4565 1594 4616 vm
1659 4565 1808 4617 nnn
1851 4542 2113 4618 Korn!
2181 4545 2407 4620 orbati
2450 4547 2616 4622 estis
2655 4549 2801 4623 filia
2842 4550 3230 4625 carissima:
3282 4550 3407 4648 qui
3444 4574 3647 4624 casus
3689 4557 4063 4648 utrumque
4108 4569 4231 4618 ves·

1229 4665 1416 4734 trum
1435 4717 1454 4747 ‚
1504 4670 1576 4734 et
1621 4669 1692 4734 te
1737 4662 2021 4761 quidem
2062 4665 2465 4763 praesertim
2483 4719 2505 4760 ‚
2554 4667 2662 4742 Cl.
2710 4689 2860 4743 van
2902 4692 3051 4744 nna
3085 4669 3345 4745 Konxl
3396 4670 3915 4745 recrudescente
3972 4663 4233 4769 graviori

1233 4775 1442 4851 etiam
1497 4778 1778 4878 vnlnere
1796 4837 1816 4868 ‚
1889 4804 2146 4880 magno
2211 4782 2439 4859 affecit
2490 4783 2722 4861 dolore
2740 4843 2761 4877 ,
2812 4779 2940 4863 nec
2992 4796 3224 4864 tamen
3277 4790 3638 4891 oppressit.
3736 4791 4033 4866 Fortiter
4070 4785 4231 4862 enim
