4766 6034
1938 605 2494 675 ORATIO.
3597 610 3730 679 275

694 816 975 891 retineri
994 872 1015 903 ,
1083 836 1313 913 neque
1371 812 1589 914 igitur
1656 813 1769 891 hic
1825 820 1899 889 et
1956 836 2149 891 nunc
2204 814 2628 893 deserendus
2645 872 2666 905 ,
2731 816 2866 893 etsi
2910 814 3080 892 haec
3125 816 3358 893 schola
3401 817 3688 895 illustris
3705 878 3726 911 ,

698 947 779 1010 ut
834 934 1167 1034 plurima,
1232 934 1363 1009 hoc
1424 933 1635 1009 etiam
1692 934 1993 1011 liberum
2036 936 2179 1011 fere
2236 943 2474 1013 nostro
2519 934 2804 1011 arbitrio
2844 936 3348 1045 sapientissime
3397 939 3724 1038 permise-

692 1056 820 1143 rit3
884 1054 1177 1130 facimus
1232 1054 1449 1153 igitur
1492 1054 2014 1131 consuetudinis
2055 1080 2265 1133 causa
2302 1063 2376 1131 et
2419 1055 2880 1132 humanitatis
2923 1064 3170 1156 sponte
3204 1064 3440 1133 nostra
3458 1115 3480 1149 ,
3531 1061 3724 1160 quod

660 1170 857 1248 'alibi
914 1172 1187 1272 legibus
1250 1175 1334 1248 fit
1352 1231 1372 1262 ,
1442 1172 1785 1273 nobisque
1847 1197 1975 1273 per
2028 1182 2299 1251 nostras
2360 1175 2550 1275 leges
2617 1175 2728 1252 vel
2783 1176 2914 1252 hoc
2968 1176 3170 1268 licet,
3219 1184 3302 1251 ut
3353 1202 3465 1252 res
3511 1201 3724 1255 novas

692 1293 1059 1368 moliamur
1108 1299 1181 1367 et
1224 1293 1477 1369 fiamus
1516 1291 1883 1369 inhumani
1900 1351 1922 1384 ,
1970 1294 2161 1394 quod
2198 1294 2549 1370 nobismet
2585 1295 2755 1394 ipsis
2800 1278 3274 1397 respuendum
3300 1299 3721 1375 conceditur.

694 1414 1093 1489 Sermonem
1160 1422 1399 1488 autem
1456 1413 1789 1490 Latinum
1837 1439 2007 1489 cum
2046 1414 2309 1503 dicam,
2376 1413 2569 1490 subit
2607 1413 2920 1493 animum
2937 1472 2959 1507 ,
3025 1426 3448 1518 quantopere
3501 1420 3721 1495 homi-

694 1558 865 1608 num
906 1534 1303 1608 communio
1346 1542 1507 1632 post
1546 1534 1875 1609 Bacoms
1910 1541 1983 1610 et
2016 1535 2313 1609 Eaasm
2356 1543 2666 1634 tempora
2715 1543 2986 1613 mutata
3029 1538 3161 1627 sit,
3209 1562 3299 1613 ne
3334 1546 3493 1639 post
3536 1539 3724 1639 ipsos

692 1662 955 1727 veteres
1020 1652 1247 1729 dicam
1263 1711 1284 1742 ,
1357 1654 1795 1728 Omanorum
1858 1654 2339 1752 'I'Acrruuque
2355 1711 2377 1743 ,
2434 1678 2612 1754 quos
2659 1678 2824 1755 prae
2869 1658 3115 1732 ceteris
3163 1658 3550 1757 suspiciunt
3599 1684 3720 1733 no·
3829 1678 3846 1697 ’

696 1782 941 1849 strates
960 1830 981 1863 ,
1046 1797 1175 1849 nec
1234 1773 1295 1847 si
1349 1772 1603 1849 eximia
1658 1773 2001 1851 maiorum
2042 1773 2361 1874 ingenia,
2413 1774 2558 1849 suis
2604 1775 3034 1875 temporibus
3075 1778 3402 1867 audaces,
3453 1802 3538 1853 ex
3587 1802 3726 1854 usu

686 1894 1049 1993 utriusque
1106 1894 1382 1993 linguae
1440 1892 1814 1971 excolendo
1865 1892 2104 1993 generi
2144 1892 2454 1968 humano
2503 1892 2760 1969 bonam
2811 1894 3087 1994 frugem
3138 1895 3528 1971 derivantes
3573 1919 3714 1971 non

690 2022 1120 2091 morarentur
1138 2073 1159 2104 ,
1210 2014 1557 2114 quidquid
1590 2014 2061 2115 ignorantium
2104 2021 2415 2089 catervae
2453 2013 3036 2089 submussitarent
3052 2073 3074 2104 ,
3121 2014 3326 2090 nobis
3367 2023 3493 2091 aut
3517 2017 3722 2091 omit·

686 2141 829 2209 tere
875 2142 1001 2209 aut
1040 2134 1355 2233 ignorare
1404 2133 1594 2222 licet,
1646 2134 1819 2234 quid
1854 2140 2171 2210 nostrum
2221 2133 2363 2209 iam
2405 2134 2710 2234 postulet
2745 2158 3014 2211 aevum.
3087 2135 3412 2234 Requirit
3441 2143 3678 2211 autem
3698 2194 3718 2225 ,

686 2262 769 2327 ut
822 2252 1021 2328 utilia
1070 2253 1353 2354 quaevis
1408 2254 1939 2353 amplectamur,
2000 2276 2230 2352 neque
2275 2254 2624 2354 optionem
2680 2254 2885 2343 sinit,
2937 2262 3060 2329 aut
3099 2255 3516 2331 venerabilia
3563 2258 3724 2332 reti-

682 2374 834 2447 neri
896 2374 1161 2471 patitur
1220 2373 1640 2473 simulatque
1709 2371 2021 2448 obsoleta
2083 2379 2269 2449 sunt.
2389 2373 2606 2452 Quod
2673 2374 3028 2472 deplorare
3091 2373 3252 2449 licet
3270 2432 3291 2463 ‚
3357 2383 3466 2450 ast
3521 2386 3724 2475 urget
3825 2390 3838 2401 ·

684 2490 1077 2569 necessitas.
1176 2495 1495 2593 Agamus
1510 2549 1532 2582 ,
1599 2492 1992 2568 laboremus
2060 2492 2136 2567 in
2186 2492 2428 2567 vividis
2483 2492 3000 2592 praesentibus3
3069 2501 3344 2569 mortua
3385 2495 3724 2593 sepeliant

684 2613 1051 2713 praeterita
1098 2622 1407 2688 mortuos
1449 2636 1619 2688 suos
1662 2615 1747 2706 ¹).
1846 2614 1948 2689 At
1988 2613 2121 2688 hoc
2164 2611 2550 2712 perieulum
2595 2612 2942 2689 facultatis
2985 2620 3260 2689 nostrae
3279 2671 3300 2704 ,
3347 2621 3420 2689 et
3465 2617 3720 2691 exerci-

684 2732 965 2819 tationis
996 2749 1003 2755 '
1033 2734 1108 2807 in
1168 2732 1571 2809 adhibendo·
1638 2756 1952 2809 sermone
2020 2732 2191 2808 olim
2258 2731 2546 2831 quidem
2607 2732 3064 2808 intermortuo
3082 2791 3103 2823 ,
3175 2732 3300 2808 sed
3357 2734 3467 2809 vel
3532 2758 3722 2811 nunc

682 2876 913 2928 rerum
974 2854 1255 2929 domino
1268 2912 1289 2945 ,
1362 2877 1503 2930 non
1574 2876 1705 2953 ego
1776 2852 1839 2927 is
1901 2877 2058 2929 sum
2132 2852 2258 2951 qui
2314 2876 2650 2929 recusem.
2747 2854 2936 2928 Nam
2997 2853 3076 2927 id
3143 2876 3347 2928 nemo
3393 2854 3682 2953 negabit
3701 2912 3720 2943 ,

684 2997 849 3048 eum
890 2974 1137 3050 ceteris
1176 2982 1523 3074 praestare
1580 2973 1705 3073 qui
1752 2972 2011 3073 alioqui
2055 2996 2255 3072 pares
2302 2977 2468 3047 sunt
2507 2970 2874 3071 philologi,
2939 2972 3063 3073 qui
3111 2972 3346 3050 Latini
3389 2975 3725 3051 sermonis

684 3103 850 3194 apto
890 3103 963 3170 et
1004 3095 1305 3195 eleganti
1349 3095 1709 3196 splendeat
1756 3116 1893 3170 usu
1910 3149 1931 3182 ,
1982 3101 2054 3167 et
2106 3117 2234 3167 suo
2274 3077 2496 3192 igitur
2535 3092 2672 3166 fere
2720 3092 2870 3166 iure
2915 3093 3094 3169 hanc
3141 3094 3353 3170 etiam
3397 3096 3472 3170 in
3519 3095 3722 3170 nobis

685 3213 1084 3290 facultatem
1158 3215 1539 3315 anquirunt
1556 3273 1577 3304 ,
1647 3213 1875 3313 qualis
1943 3213 2055 3290 sit.
2168 3212 2259 3287 Id
2333 3235 2558 3287 unum
2623 3211 2898 3312 requiro
2915 3272 2936 3303 ,
3001 3237 3090 3288 ne
3137 3212 3314 3290 hanc
3359 3215 3576 3290 solam
3626 3215 3718 3289 ob

684 3357 963 3409 causam
982 3393 1002 3422 ,
1068 3335 1269 3434 quasi
1332 3334 1463 3411 hoe
1520 3334 1803 3410 unicum
1872 3341 1997 3408 aut
2060 3331 2446 3408 maximum
2489 3341 2674 3407 esset
2711 3340 3105 3434 κριτήριον
3121 3387 3142 3428 ,
3214 3341 3718 3435 anteponamur

685 3453 836 3528 aliis
897 3453 1017 3528 alii
1074 3463 1145 3528 et
1187 3453 1686 3530 diiudicemur=
1754 3454 2049 3529 alterum
2095 3451 2347 3528 deinde
2385 3459 2543 3528 arte
2591 3453 3045 3528 coniunctum
3064 3511 3084 3542 ,
3137 3460 3232 3528 et'
3261 3455 3450 3553 quod
3511 3454 3720 3530 verbo

682 3596 1217 3648 commemorare
1276 3573 1530 3649 licebit.
1651 3573 1893 3648 Putidi
1956 3575 2278 3649 fieremus
2339 3579 2412 3647 et
2473 3573 2761 3661 insulsi,
2831 3572 2967 3647 nisi
3015 3571 3310 3670 facimus
3362 3573 3438 3648 id
3455 3627 3476 3663 ,
3528 3576 3719 3672 quod

682 3693 945 3767 faciunt
1010 3692 1244 3791 plures
1294 3717 1531 3792 quam·
1554 3693 1991 3768 confitentur.
2092 3691 2250 3766 Hoc
2296 3698 2535 3767 autem
2583 3691 2661 3766 id
2701 3699 2845 3780 est,
2895 3700 2998 3767 nt
3047 3692 3220 3767 dum
3268 3692 3716 3770 observamus

684 3812 927 3887 sedulo
974 3812 1319 3886 scribendi
1348 3811 1697 3888 rationem
1716 3871 1735 3902 ,
1786 3837 1931 3912 qua
1978 3811 2284 3910 optimus
2338 3812 2638 3911 quisque
2687 3812 3099 3912 scriptorum
3151 3837 3319 3888 usus
3369 3813 3490 3902 sit,
3542 3815 3715 3890 dum

680 3931 892 4028 probe
934 3931 1027 4006 sit
1072 3933 1487 4022 tenendum,
1552 3957 1899 4032 quaenam
1944 3933 2017 4006 in
2062 3931 2434 4006 emmens
2483 3932 2971 4008 vocabulorum
3023 3931 3282 4008 formae
3327 3941 3456 4008 aut
3499 3934 3712 4033 signi-

678 4051 1033 4125 ficationes
1051 4111 1071 4139 ,
1122 4075 1463 4151 quaenam
1505 4051 1885 4132 locutiones
1909 4049 2097 4150 apud
2125 4051 2532 4125 Cassum
2559 4075 2697 4125 non
2725 4050 3200 4139 inveniantur,
3237 4075 3325 4127 ne
3358 4053 3708 4128 Hoaario

680 4170 1139 4244 obtrudamus
1212 4171 1403 4269 quod
1477 4169 1941 4270 Virgilianum
2006 4175 2115 4242 est
2130 4222 2151 4256 ,
2228 4167 2337 4242 vel
2388 4192 2636 4244 aureae
2695 4193 2874 4267 quae
2942 4170 3162 4244 fertur
3221 4171 3432 4245 aetati
3500 4195 3710 4270 quae·

681 4311 981 4388 cumque
1024 4291 1215 4390 apud
1256 4291 1597 4368 'Daemon
1634 4291 1967 4390 legimus,
2016 4295 2325 4364 attamen
2374 4286 2436 4362 si
2479 4288 2651 4387 ipsis
2695 4288 3136 4364 scribendum
3179 4290 3294 4364 vel
3336 4291 3710 4366 dicendum

677 4409 928 4483 Latine
981 4409 1185 4485 nobis
1248 4412 1375 4502 sit,
1436 4419 1648 4512 atque
1686 4410 1787 4487 ita
1822 4409 1955 4485 fert
1999 4409 2279 4485 animus
2297 4467 2320 4499 ,
2368 4407 2696 4508 equidem
2735 4432 3072 4508 umquam
3115 4409 3453 4485 dubitabo
3469 4468 3488 4498 ,
3537 4411 3704 4508 quin

768 4597 818 4672 ¹)
1644 4602 1786 4674 Act,
1828 4607 1918 4660 act
1956 4601 2017 4660 in
2057 4600 2154 4661 the
2193 4599 2370 4678 living
2409 4603 2662 4680 present,

1648 4695 1755 4756 Let
1794 4695 1891 4756 the
1930 4677 2088 4757 dead·
2109 4703 2231 4777 past
2268 4696 2412 4774 bury
2449 4693 2526 4754 its
2563 4691 2722 4754 dead.

2491 4805 2922 4867 Lousrsuow.

3033 4903 3182 4975 35*
