4766 6034
3041 706 3109 739 s

1818 644 2373 715 ORATIO.
3532 644 3619 713 77

580 878 719 955 que
770 856 1173 956 fleoloyiae
1216 854 1581 927 Praeticae
1609 852 2078 928 denominatio
2114 854 2443 944 invaluit,
2481 854 2738 955 quippe
2779 880 2960 955 quae
3001 853 3314 930 latiorem
3363 854 3618 929 habeat

577 999 883 1051 sensum.
982 972 1399 1049 Brevissima
1439 972 1804 1047 definitur:
1856 976 2163 1049 doctrina
2192 1000 2501 1073 praoeeos
2528 978 2851 1051 Miniem‘
2875 978 3306 1076 Euanqelici.
3379 974 3619 1049 Huius

575 1097 792 1196 igitur
843 1096 1194 1170 doctrinae
1254 1092 1568 1168 studium
1597 1118 1890 1192 prorsus
1932 1098 2372 1169 necessarium
2423 1120 2574 1169 esse
2621 1094 2732 1169 aio
2765 1099 3018 1191 futuro
3056 1097 3433 1195 Euanyelii
3468 1096 3618 1168 Mi-

571 1218 809 1292 nistro,
912 1216 1229 1290 Fortasse
1284 1214 1445 1313 quis
1484 1215 1789 1313 rogabit:
1858 1216 2057 1289 Num
2100 1214 2231 1291 hoc
2268 1215 2358 1290 ab
2418 1216 2561 1290 ullo
2599 1214 2878 1290 homine
2897 1274 2930 1305 ,
2969 1214 3176 1289 huius
3217 1214 3316 1289 rei
3357 1214 3579 1313 perito
3597 1272 3618 1302 ,

572 1336 925 1434 negatur?
999 1336 1095 1409 Et
1156 1335 1328 1433 quid
1393 1357 1573 1431 opus
1635 1341 1741 1408 est
1804 1359 2082 1410 causam
2103 1392 2125 1425 ,
2186 1360 2402 1433 quam
2442 1359 2650 1410 nemo
2691 1332 2784 1410 in'
2809 1336 3340 1411 controversiam
3382 1342 3617 1422 vocat,

573 1454 995 1530 defendere?
1063 1455 1318 1529 Nonne
1358 1454 1431 1526 in
1478 1453 1875 1530 Academiis
1922 1456 2174 1530 nostris
2228 1481 2317 1530 ex
2360 1456 2657 1531 Decreto
2715 1456 2940 1556 Regio
2984 1456 3311 1531 lectiones
3357 1453 3618 1530 haben-

575 1574 705 1649 dae
756 1582 922 1648 sunt
975 1580 1047 1649 et
1096 1574 1441 1647 habentur
1479 1576 1564 1647 de
1598 1564 2013 1651 Homiletica
2054 1585 2126 1651 et
2162 1576 2572 1650 Pastorali?
2642 1577 2896 1650 Nonne
2933 1577 3007 1649 in
3043 1574 3350 1649 Ecclesia
3386 1581 3622 1648 nostra

572 1691 979 1768 Reformata
1046 1699 1157 1785 (ut
1221 1693 1389 1767 alias
1456 1692 1723 1787 sileam)
1790 1694 1971 1769 valet
2026 1695 2137 1769 lex
2159 1754 2178 1783 ,
2244 1720 2424 1794 quae
2479 1696 2823 1795 postulat,
2891 1704 2973 1769 ut
3031 1695 3155 1796 qui
3210 1696 3302 1769 ad
3351 1694 3620 1768 Munus

574 1815 865 1890 Sacrum
926 1813 1321 1911 adspirant,
1399 1819 1773 1913 antequam
1846 1815 2306 1890 admittantur
2323 1874 2344 1903 ,
2417 1816 2796 1891 officiorum
2865 1800 3016 1889 eius
3085 1814 3476 1913 cognitione
3549 1838 3622 1887 se

570 1933 884 2009 imbutos
934 1958 1088 2007 esse
1149 1932 1491 2032 probent?
1549 1977 1638 1991 -
1706 1934 2031 2009 Minime·
2059 1934 2432 2035 obloquor,
2497 1936 2894 2011 Auditores.
2997 1934 3138 2009 Sed
3181 1933 3621 2008 nihilosecius

570 2054 969 2154 argumenti
1012 2053 1155 2127 mei
1194 2052 1502 2128 defensio
1546 2056 1969 2153 supervacua
2006 2078 2146 2129 non
2186 2056 2480 2131 videtur.
2581 2055 3090 2130 Praeterierunt
3130 2054 3372 2154 procul
3407 2053 3623 2128 dubio

572 2199 657 2251 ea
722 2180 1040 2273 tempora
1057 2230 1077 2261 ,
1152 2198 1374 2271 quum
1444 2173 1553 2247 vel
1620 2198 1659 2247 e
1723 2174 2094 2275 Theologis
2162 2174 2624 2251 celeberrimis
2687 2175 3006 2250 nonnulli
3073 2172 3622 2262 contendebant,

570 2293 894 2368 futurum
937 2294 1301 2367 Sacrorum
1345 2292 1757 2367 Antistitem
1800 2293 2215 2393 Theologiae
2258 2295 2612 2370 Praeticae
2651 2296 2965 2370 studium
3003 2294 3152 2369 sine
3191 2294 3332 2368 ullo
3370 2293 3626 2369 damno

570 2438 775 2513 posse
837 2412 1189 2511 negligere
1208 2469 1228 2500 ,
1296 2412 1676 2510 multisque
1736 2412 1810 2486 in
1872 2413 2121 2489 scholis
2173 2414 2611 2489 Academicis
2663 2415 2792 2489 hoc
2839 2414 3154 2489 studium
3207 2414 3380 2488 adeo
3429 2414 3626 2489 flocci

570 2532 1049 2633 pendebatur,
1112 2538 1195 2605 ut
1247 2555 1337 2607 ne
1398 2532 1487 2605 de
1544 2532 1961 2607 Homiletica
2012 2534 2337 2632 quidem,
2389 2535 2496 2609 uti
2537 2534 3114 2609 Reinhardus
3163 2534 3478 2632 queritur
3518 2536 3578 2627 ¹)
3602 2591 3622 2622 ,

570 2652 841 2753 aliquid
884 2650 1273 2727 traderetur
1319 2652 1509 2748 quod
1545 2652 1637 2726 ad
1683 2654 1993 2727 Oratoris
2042 2654 2232 2729 Sacri
2271 2654 2838 2730 informationem
2883 2678 3116 2729 revera
3152 2655 3426 2729 faceret.
3499 2654 3625 2728 Sin

570 2796 733 2847 vero
799 2770 1234 2872 quaerimuS,
1304 2795 1393 2844 an
1462 2770 1631 2845 haec
1677 2772 1964 2849 scie‘ntia
2010 2781 2247 2848 nostra
2292 2779 2519 2850 aetate
2573 2770 2804 2865 tanta,
2855 2782 3191 2876 quantam
3239 2780 3586 2849 mereatur
3603 2833 3624 2862 ,

571 2893 880 2993 gaudeat
946 2891 1460 2979 aestimatione3
1532 2916 1623 2966 an
1688 2891 1910 2967 futuri
1968 2892 2300 2993 Theologi
2363 2918 2518 2969 eam
2577 2917 2717 2969 non
2774 2893 3008 2995 potius
3071 2919 3348 2969 summo
3404 2894 3626 2993 digito

571 3012 967 3112 attingant,
1028 3036 1239 3110 quam
1302 3037 1471 3110 qua·
1499 3036 1625 3110 par
1684 3020 1791 3087 est
1842 3012 2207 3113 diligentia
2258 3014 2803 3113 amplectantur,
2851 3056 2956 3074 —-
3003 3014 3162 3113 quis
3211 3015 3624 3089 contendere

572 3135 757 3210 ausit
779 3191 799 3222 ,
853 3133 1122 3208 nullam
1165 3133 1631 3230 querimoniae
1676 3157 2034 3232 superesse
2090 3137 2428 3208 causam}>
2507 3136 2743 3212 Quam
2786 3134 2995 3209 multi
3048 3141 3214 3208 sunt
3259 3135 3624 3208 Sacrorum

571 3253 885 3329 Ministri
903 3311 923 3342 ,
985 3252 1111 3353 qui
1172 3253 1475 3351 ingenue
1534 3253 2032 3342 confiteantur,
2102 3277 2175 3328 se
2198 3312 2219 3341 ,
2286 3259 2660 3353 antequam
2706 3255 2977 3330 Munus
3033 3255 3324 3330 Sacrum
3377 3278 3621 3354 aggre-

574 3374 941 3462 derentur,
991 3373 1169 3447 hanc
1214 3373 1573 3482 scientiam
1618 3372 2123 3471 propemodum
2164 3374 2443 3472 penitus
2479 3374 2864 3474 neglexisse
2884 3433 2905 3463 ,
2957 3375 3160 3450 unice
3198 3375 3340 3450 fere
3378 3373 3623 3449 ceteris

573 3493 991 3592 Theologiae
1057 3493 1385 3568 doctrinis
1448 3499 1783 3568 navantes
1850 3494 2171 3591 operam!
2266 3496 2635 3572 Quaenam
2705 3495 2920 3570 totius
2987 3494 3390 3594 disciplinae
3460 3519 3622 3593 pars

573 3612 911 3688 hactenus
973 3612 1157 3687 inter
1208 3615 1387 3688 viros
1452 3613 1705 3704 doctos,
1744 3612 1977 3686 minus
2029 3637 2242 3713 quam
2293 3613 2461 3690 haec
2505 3621 2921 3713 pertractata
2974 3617 3134 3690 est?
3207 3615 3422 3693 Absit
3463 3639 3620 3713 pro-

571 3732 755 3807 fecto
773 3790 795 3821 ‚
846 3737 929 3806 ut
970 3732 1165 3830 parvi
1208 3733 1459 3807 ducam
1499 3757 1680 3830 quae
1719 3732 2133 3808 iamdudum
2169 3735 2501 3832 permulti
2545 3736 2637 3809 ad
2683 3735 3130 3810 excolendam
3172 3734 3621 3834 Theologiam

572 3850 965 3956 Praeticam,
1023 3853 1504 3928 contulerunt!
1595 3851 1930 3925 Attamen
2003 3853 2365 3928 recentiori
2433 3854 2720 3929 demum
2797 3854 3128 3930 memoria
3150 3912 3170 3943 ,
3247 3879 3448 3953 praee
3457 3861 3620 3928 unte

576 3971 919 4070 imprimis
995 3970 1839 4060 SchleiermacherO,
1915 3972 2367 4069 sequentibus
2437 3973 2885 4061 Huffeli0,
2964 3972 3615 4061 Marheinekio,

580 4090 1161 4179 SchweizerO,
1235 4090 1705 4178 Liebnero,
1776 4090 2116 4180 Grafi0,
2190 4093 2629 4192 Gauppio,
2700 4093 3199 4181 Nitzschio,
3265 4093 3616 4179 Molli0,

578 4211 670 4286 ad
720 4235 899 4309 quos
935 4217 1277 4286 nostrates
1312 4210 1603 4286 Busch
1645 4209 2108 4299 Keiserus,
2158 4212 2693 4310 Hengelius,
2742 4212 3355 4310 Muurlingius
3391 4235 3613 4284 acces·
3731 4215 3742 4226 '

579 4337 857 4419 serunt,
925 4355 1011 4404 ea
1072 4330 1172 4404 ita
1239 4330 1512 4404 exculta
1573 4336 1682 4403 est
1701 4387 1720 4416 ,
1788 4337 1872 4404 ut
1922 4329 2194 4405 desinat
2252 4355 2402 4406 esse
2451 4355 2642 4405 mera
2688 4329 2830 4405 fere
2873 4331 3290 4406 coacervatio
3334 4354 3572 4405 eorum
3592 4388 3612 4419 ,

580 4473 759 4549 quae
815 4449 1188 4548 Euangelii
1245 4449 1573 4524 Ministro
1624 4447 2054 4525 observanda
2110 4458 2313 4541 sunt,
2375 4457 2449 4525 et
2502 4449 2789 4526 exsistat
2845 4449 3046 4524 docta
3093 4457 3164 4524 et
3208 4449 3615 4549 philosopha

585 4725 739 4876 18¹1}
776 4723 851 4877 Ῑὲι
904 4722 1057 4878 ἔξω
1072 4748 1091 4784 ε
1166 4725 1557 4789 θεειᾶκᾶηἰσκ
1616 4727 1762 4791 scine
1816 4729 2115 4808 Prediyten
2168 4732 2281 4793 und
2324 4730 2471 4792 aeine
2521 4729 2764 4808 Binum
2819 4751 2934 4791 zum
2989 4729 3258 4807 Prediqer
3305 4731 3614 4808 betreffend.
