4766 6034
1856 643 2411 711 ORATIO.
3515 641 3642 712 147

604 857 869 932 cedere.
970 853 1172 930 Laeti
1240 859 1423 927 certe
1497 854 1898 953 exceperitis
1962 855 2171 930 verba
2231 878 2454 953 nuper
2497 851 2572 926 in
2625 851 2974 950 frequenti
3023 853 3252 928 curiae
3299 860 3645 927 conventu

600 978 789 1053 edita
805 1033 826 1065 ,
894 972 1426 1050 aemulationem
1488 975 1813 1050 testantia
1828 1031 1849 1063 ,
1918 999 2056 1050 non
2126 975 2475 1074 vulgarem
2529 979 2600 1047 et
2645 970 2992 1047 sordidam
3013 1031 3032 1060 ,
3102 955 3228 1047 sed
3276 973 3640 1048 honestam

602 1108 675 1173 et
718 1098 809 1173 ad
847 1096 1113 1196 optima
1161 1117 1521 1193 quaequae
1568 1094 2063 1171 stimulantem.
2166 1097 2368 1172 Quae
2411 1093 2698 1192 quidem
2741 1094 3187 1170 audientibus
3233 1119 3644 1195 persuasum

600 1218 798 1294 vobis
848 1241 997 1291 esse
1040 1212 1319 1302 debuit,
1366 1213 1817 1290 Academiam
1844 1274 1864 1304 ,
1914 1240 2126 1314 quam
2170 1213 2329 1290 talis
2377 1214 2746 1289 aemulatio
2799 1215 3238 1314 prosequitur
3252 1273 3272 1303 ,
3321 1239 3646 1316 prospero

605 1345 797 1415 statu
844 1335 1170 1436 gaudere.
2078 1369 2081 1372 ’
3317 1397 3330 1405 .

700 1459 797 1532 Et
865 1479 1029 1532 sane
1088 1455 1288 1562 ⁸viget
1352 1454 1471 1530 illa
1538 1461 1749 1554 atque
1792 1453 1991 1528 floret
2009 1511 2029 1541 ,
2096 1477 2398 1552 eumque
2455 1453 2692 1528 florem
2741 1455 3109 1553 praecipue
3153 1455 3362 1530 debet
3412 1455 3606 1531 vobis
3623 1514 3644 1546 ,

600 1577 755 1652 Viri
808 1575 1280 1675 Amplissimi,
1344 1575 1471 1673 qui
1542 1599 1695 1650 eam
1761 1598 1927 1648 cura
1996 1571 2241 1647 fovetis
2301 1579 2371 1648 et
2439 1597 2672 1647 amore
2730 1573 3264 1672 amplectimini,
3331 1575 3454 1675 qui
3519 1601 3644 1674 pro

600 1695 1081 1797 praesentibus
1126 1695 1279 1793 ejus
1328 1694 1708 1770 commodis
1750 1694 2051 1794 vigilatis
2098 1704 2169 1769 et
2215 1695 2287 1768 in
2330 1701 2688 1792 posterum
2735 1694 3000 1794 optima
3045 1694 3110 1768 ei
3157 1694 3466 1794 speratis.

702 1817 920 1891 Vobis
982 1815 1189 1915 objici
1246 1815 1529 1914 nequit,
1600 1815 1790 1914 quod
1843 1838 1983 1889 non
2048 1839 2289 1890 omnes
2341 1813 2776 1914 disciplinas,
2827 1839 3006 1912 quae
3055 1814 3128 1888 in
3183 1813 3644 1890 Universitate

601 1943 983 2012 tractantur
1002 1991 1022 2024 ,
1072 1959 1295 2034 aequa
1336 1935 1841 2010 existimatione
1880 1935 2304 2034 dignemini3
2338 1935 2555 2010 immo
2592 1958 2750 2008 vero
2786 1959 3024 2010 curam
3063 1942 3360 2010 vestram
3390 1933 3644 2035 ae‘qua·

598 2056 833 2130 biliter
878 2052 1279 2154 impenditis
1308 2052 1395 2144 in
1442 2077 1682 2126 omnes
1725 2051 2076 2128 doctrinae
2114 2061 2343 2153 partes
2361 2111 2382 2141 ,
2433 2077 2609 2150 quae
2650 2054 2741 2130 ad
2780 2054 3094 2130 altiorem
3133 2055 3646 2132 institutionem

598 2176 969 2276 pertinent.
1092 2173 1169 2246 Si
1232 2181 1465 2247 tamen
1533 2171 1672 2246 sint
1742 2173 1867 2271 qui
1926 2179 2218 2271 putent,
2286 2173 2638 2248 naturales
2706 2173 3102 2274 disciplinas
3168 2201 3333 2275 prae
3404 2175 3646 2251 ceteris

596 2295 797 2370 vobis
860 2293 1053 2370 cordi
1117 2317 1267 2368 esse
1333 2299 1695 2391 vestroque
1764 2291 2143 2393 patrocinio
2212 2290 2514 2392 gaudere
2539 2351 2558 2382 ,
2631 2292 2892 2394 injusta
2965 2295 3134 2370 haec
3208 2295 3443 2396 opinio
3518 2305 3644 2371 est.

601 2418 787 2492 Sane
842 2413 1129 2513 quidem
1196 2412 1327 2489 hae
1390 2413 1790 2513 disciplinae
1855 2411 2199 2512 ejusmodi
2248 2420 2452 2501 sunt,
2503 2437 2681 2512 quae
2727 2414 2874 2490 sine
2921 2414 3264 2515 multipici
3307 2425 3646 2516 apparatu

600 2544 673 2611 et
742 2535 1161 2636 supellectile
1223 2541 1407 2610 recte
1472 2533 1605 2608 coli
1664 2543 1735 2609 et
1788 2531 2113 2632 explicari
2165 2540 2554 2632 nequeant,
2615 2532 2912 2633 ideoque
2932 2594 2952 2623 ,
3018 2542 3363 2634 quantum
3410 2537 3646 2636 copiae

600 2665 867 2732 vestrae
928 2661 1353 2754 suppetunt,
1420 2652 1821 2728 necessariis
1872 2677 2111 2728 earum
2161 2652 2406 2726 usibus
2445 2651 2634 2751 large
2674 2650 3096 2744 subvenitis3
3149 2661 3455 2730 attamen
3506 2679 3646 2730 non

596 2776 757 2851 ideo
820 2784 1077 2850 ceteras
1139 2773 1533 2872 disciplinas
1583 2773 1848 2848 minore
1894 2771 2127 2848 studio
2174 2771 2418 2848 fovetis
2441 2831 2459 2860 ,
2521 2771 2645 2846 sed
2689 2770 2762 2845 in
2814 2797 3054 2847 omnes
3100 2773 3356 2872 pariter
3405 2799 3646 2850 curam

599 2903 899 2970 vestram
966 2891 1351 2968 dividentes
1371 2950 1391 2980 ,
1453 2894 1707 2968 cavetis
1726 2949 1747 2981 ,
1794 2917 1885 2967 ne
1932 2893 2215 2968 alterius
2263 2892 2417 2966 luce
2456 2892 2670 2966 altera
2712 2891 3047 2970 obruatur
3091 2903 3311 2993 utque
3337 2881 3644 2971 cuncta·
3755 2919 3758 2922 ’

596 3040 759 3091 rum
808 3015 977 3090 ordo
1026 3022 1097 3089 et
1144 3021 1515 3089 concentus
1568 3022 1892 3089 servetur.

697 3135 1012 3234 Accipite
1070 3160 1156 3209 ex
1215 3158 1329 3209 me
1348 3192 1368 3223 ,
1440 3134 1591 3208 Viri
1646 3132 2118 3233 Amplissimi!
2171 3130 2725 3207 testificationem
2777 3131 2959 3230 grati
3023 3132 3274 3220 animi,
3342 3159 3484 3232 quo
3524 3136 3647 3211 do·

598 3264 825 3331 ctores
894 3279 1117 3354 aeque
1184 3278 1263 3329 ac
1335 3254 1655 3352 discipuli
1722 3253 1999 3329 assidue
2066 3252 2209 3327 Vos
2256 3253 2803 3351 prosequunturl
2890 3252 3167 3352 Pergite
3219 3254 3646 3353 Trajectinae

598 3374 1053 3461 Universitati
1114 3374 1339 3450 favere
1405 3374 1585 3449 sicut
1647 3373 1903 3449 facitis!
1998 3373 2274 3472 Pergite
2324 3371 2527 3448 nobis
2587 3373 2828 3447 adesse
2879 3372 3141 3448 sincera
3187 3373 3306 3448 illa
3350 3373 3644 3451 benevo-

600 3492 849 3582 lentia,
918 3491 1135 3566 immo
1203 3491 1415 3566 libere
1484 3491 1705 3566 dicam
1730 3550 1749 3579 ,
1815 3517 1895 3567 ea
1942 3491 2244 3567 amicitia
2266 3548 2286 3581 ‚
2352 3516 2533 3590 quae
2583 3501 2869 3568 cunctos
2919 3517 3046 3568 nos
3091 3502 3334 3569 mutuo
3375 3496 3648 3571 vinculo

594 3612 876 3712 jungit,
945 3611 1377 3711 impellitque
1443 3618 1526 3685 ut
1545 3668 1566 3697 ‚
1633 3610 1902 3686 Vestris
1956 3610 2280 3711 auspiciis
2300 3668 2321 3700 ,
2386 3610 2712 3687 omnibus
2758 3612 3020 3688 viribus
3077 3614 3508 3691 elaboremus
3552 3616 3644 3692 ad

604 3729 940 3805 tuendam
986 3728 1245 3828 patriae
1294 3737 1364 3803 et
1412 3728 1759 3827 religionis
1796 3729 2093 3805 salutem
2142 3738 2213 3804 et
2258 3729 2828 3837 incolumitatem.

710 3968 949 4043 Sentio
1014 3967 1341 4065 equidem
1366 4027 1384 4056 ,
1453 3968 1605 4043 Viri
1656 3968 2129 4067 Amplissimi!
2186 3976 2492 4067 quantus
2542 3970 2634 4044 sit
2687 3970 2972 4062 Vester,
3024 3972 3147 4070 qui
3195 3958 3310 4048 hic
3357 3974 3649 4066 adestis,

607 4088 803 4163 dolor
823 4145 844 4177 ,
912 4086 1101 4185 quod
1177 4086 1251 4160 in
1324 4088 1613 4162 solemni
1683 4088 1809 4163 hoc
1870 4094 2216 4163 conventu
2283 4088 2714 4163 desideratur
2759 4091 3165 4165 venerabilis
3216 4116 3423 4167 senex
3443 4150 3465 4181 ,
3512 4094 3650 4169 col·

608 4208 775 4307 legii
836 4209 1045 4283 vestri
1108 4205 1320 4283 decus
1342 4265 1362 4297 ,
1416 4209 1539 4307 qui
1584 4232 1707 4308 per
1752 4210 2133 4284 multorum
2189 4230 2528 4281 annorum
2581 4208 2884 4307 spatium
2932 4208 3110 4286 hanc
3150 4210 3600 4285 Academiam
3627 4270 3648 4301 ,

608 4328 813 4426 cujus
874 4327 1255 4403 commodis
1304 4334 1451 4401 toto
1502 4329 1733 4403 animo
1778 4326 2232 4415 inserviebat,
2283 4351 2448 4401 cura
2499 4352 2625 4402 sua
2678 4336 2948 4403 tutatus
2993 4337 3121 4404 est.
3221 4329 3470 4428 Neque
3516 4330 3646 4404 mi·

606 4470 777 4521 nore
822 4446 1125 4546 profecto
1174 4447 1511 4524 desiderio
1560 4472 1770 4547 quam
1822 4468 1941 4523 vos
1990 4446 2343 4547 Collegam
2363 4505 2383 4534 ,
2436 4470 2562 4521 nos
2609 4447 3084 4523 Maecenatem
3134 4447 3477 4548 lugemus.

708 4567 1147 4642 Laetandum
1191 4568 1475 4665 quidem
1517 4567 1719 4643 nobis
1766 4573 1837 4643 et
1894 4568 2117 4667 gratia
2158 4568 2309 4641 Deo
2356 4565 2676 4641 habenda
2725 4573 2831 4640 est
2848 4624 2869 4654 ,
2919 4567 3109 4665 quod
3150 4567 3644 4647 Nobilissimus

610 4686 703 4759 A.
750 4685 1207 4763 Lunmvnuae
1244 4712 1409 4762 eum
1456 4688 1761 4788 attigerit
1800 4688 2047 4763 aetatis
2078 4685 2454 4763 terminum
2474 4743 2494 4774 ,
2545 4708 2759 4785 quem
2797 4687 3038 4785 paucis
3079 4687 3416 4789 attingere
3450 4690 3639 4779 licet;

614 4806 740 4879 sed
794 4829 985 4881 amor
1026 4829 1163 4881 non
1208 4816 1527 4884 numerat
1573 4807 1977 4907 praeteritos
2019 4807 2166 4883 dies
2211 4815 2281 4883 et
2320 4830 2537 4882 annos
2559 4862 2580 4894 ,
2628 4828 2854 4904 neque
2895 4806 3115 4884 virtus
3155 4810 3358 4885 certis
3399 4810 3642 4910 aetatis

3127 4928 3263 5002 19*
