<?xml version="1.0" encoding="UTF-8"?>
<!DOCTYPE html PUBLIC "-//W3C//DTD XHTML 1.0 Transitional//EN"
    "http://www.w3.org/TR/xhtml1/DTD/xhtml1-transitional.dtd">
<html xmlns="http://www.w3.org/1999/xhtml" xml:lang="en" lang="en">
 <head>
  <title>
</title>
<meta http-equiv="Content-Type" content="text/html;charset=utf-8" />
  <meta name='ocr-system' content='tesseract 3.04.00' />
  <meta name='ocr-capabilities' content='ocr_page ocr_carea ocr_par ocr_line ocrx_word'/>
</head>
<body>
  <div class='ocr_page' id='page_1' title='image "annalesacademic02confgoog_0027.png"; bbox 0 0 4766 6034; ppageno 0'>
   <div class='ocr_carea' id='block_1_1' title="bbox 2017 605 3791 690">
    <p class='ocr_par' dir='ltr' id='par_1_1' title="bbox 2017 605 3791 690">
     <span class='ocr_line' id='line_1_1' title="bbox 2017 605 3791 690; baseline 0.003 -17"><span class='ocrx_word' id='word_1_1' title='bbox 2017 605 2573 675; x_wconf 80' lang='lat' dir='ltr'>ORATIO.</span> <span class='ocrx_word' id='word_1_2' title='bbox 3402 685 3411 690; x_wconf 48' lang='lat'>‚</span> <span class='ocrx_word' id='word_1_3' title='bbox 3708 611 3791 680; x_wconf 89' lang='lat'><strong>11</strong></span> 
     </span>
    </p>
   </div>
   <div class='ocr_carea' id='block_1_2' title="bbox 725 811 3787 3793">
    <p class='ocr_par' dir='ltr' id='par_1_2' title="bbox 740 811 3787 1516">
     <span class='ocr_line' id='line_1_2' title="bbox 753 811 3785 917; baseline 0.002 -30"><span class='ocrx_word' id='word_1_4' title='bbox 753 815 1354 917; x_wconf 74' lang='lat' dir='ltr'><strong>nconqtiisitorum</strong></span> <span class='ocrx_word' id='word_1_5' title='bbox 1378 872 1398 904; x_wconf 96' lang='lat'><strong>,</strong></span> <span class='ocrx_word' id='word_1_6' title='bbox 1447 811 1774 890; x_wconf 83' lang='lat' dir='ltr'><strong>varietate</strong></span> <span class='ocrx_word' id='word_1_7' title='bbox 1793 870 1815 904; x_wconf 90' lang='lat'><strong>,</strong></span> <span class='ocrx_word' id='word_1_8' title='bbox 1865 812 2037 892; x_wconf 85' lang='lat' dir='ltr'><strong>adeo</strong></span> <span class='ocrx_word' id='word_1_9' title='bbox 2077 815 2415 892; x_wconf 86' lang='lat' dir='ltr'><strong>instructa</strong></span> <span class='ocrx_word' id='word_1_10' title='bbox 2454 821 2603 903; x_wconf 89' lang='lat' dir='ltr'><strong>est,</strong></span> <span class='ocrx_word' id='word_1_11' title='bbox 2653 819 2734 889; x_wconf 95' lang='lat' dir='ltr'><strong>ut</strong></span> <span class='ocrx_word' id='word_1_12' title='bbox 2782 813 2909 890; x_wconf 90' lang='lat' dir='ltr'><strong>hac</strong></span> <span class='ocrx_word' id='word_1_13' title='bbox 2948 813 3023 890; x_wconf 89' lang='lat' dir='ltr'><strong>in</strong></span> <span class='ocrx_word' id='word_1_14' title='bbox 3064 821 3291 914; x_wconf 85' lang='lat' dir='ltr'><strong>parte,</strong></span> <span class='ocrx_word' id='word_1_15' title='bbox 3343 841 3520 914; x_wconf 87' lang='lat' dir='ltr'><strong>quae</strong></span> <span class='ocrx_word' id='word_1_16' title='bbox 3561 816 3785 916; x_wconf 82' lang='lat' dir='ltr'><strong>ipsam</strong></span> 
     </span>
     <span class='ocr_line' id='line_1_3' title="bbox 753 934 3786 1037; baseline 0.002 -29"><span class='ocrx_word' id='word_1_17' title='bbox 753 944 1174 1037; x_wconf 76' lang='lat' dir='ltr'><strong>usuperent,</strong></span> <span class='ocrx_word' id='word_1_18' title='bbox 1244 935 1515 1024; x_wconf 85' lang='lat' dir='ltr'><strong>nullae,</strong></span> <span class='ocrx_word' id='word_1_19' title='bbox 1588 958 1768 1033; x_wconf 83' lang='lat' dir='ltr'><strong>quae</strong></span> <span class='ocrx_word' id='word_1_20' title='bbox 1837 942 2172 1032; x_wconf 87' lang='lat' dir='ltr'><strong>aequent,</strong></span> <span class='ocrx_word' id='word_1_21' title='bbox 2250 958 2511 1034; x_wconf 78' lang='lat' dir='ltr'><strong>paucae</strong></span> <span class='ocrx_word' id='word_1_22' title='bbox 2590 959 2739 1010; x_wconf 89' lang='lat' dir='ltr'><strong>esse</strong></span> <span class='ocrx_word' id='word_1_23' title='bbox 2811 934 3176 1012; x_wconf 87' lang='lat' dir='ltr'><strong>videantur</strong></span> <span class='ocrx_word' id='word_1_24' title='bbox 3257 937 3426 1029; x_wconf 75' lang='lat'><strong>1²⁵).&#39;&#39;</strong></span> <span class='ocrx_word' id='word_1_25' title='bbox 3550 937 3786 1026; x_wconf 88' lang='lat' dir='ltr'><strong>Haec,</strong></span> 
     </span>
     <span class='ocr_line' id='line_1_4' title="bbox 743 1053 3787 1155; baseline 0.001 -21"><span class='ocrx_word' id='word_1_26' title='bbox 743 1058 1154 1134; x_wconf 86' lang='lat' dir='ltr'><strong>Auditores!</strong></span> <span class='ocrx_word' id='word_1_27' title='bbox 1233 1081 1412 1155; x_wconf 90' lang='lat' dir='ltr'><strong>quae</strong></span> <span class='ocrx_word' id='word_1_28' title='bbox 1486 1053 1615 1130; x_wconf 85' lang='lat' dir='ltr'><strong>Vir</strong></span> <span class='ocrx_word' id='word_1_29' title='bbox 1677 1079 1998 1130; x_wconf 89' lang='lat' dir='ltr'><strong>summus</strong></span> <span class='ocrx_word' id='word_1_30' title='bbox 2073 1062 2233 1130; x_wconf 89' lang='lat' dir='ltr'><strong>ante</strong></span> <span class='ocrx_word' id='word_1_31' title='bbox 2299 1055 2427 1129; x_wconf 93' lang='lat' dir='ltr'><strong>hos</strong></span> <span class='ocrx_word' id='word_1_32' title='bbox 2493 1059 2589 1128; x_wconf 82' lang='lat'><strong>34</strong></span> <span class='ocrx_word' id='word_1_33' title='bbox 2649 1080 2867 1132; x_wconf 90' lang='lat' dir='ltr'><strong>annos</strong></span> <span class='ocrx_word' id='word_1_34' title='bbox 2928 1055 3309 1145; x_wconf 76' lang='lat' dir='ltr'><strong>scribebat,</strong></span> <span class='ocrx_word' id='word_1_35' title='bbox 3368 1081 3556 1132; x_wconf 86' lang='lat' dir='ltr'><strong>nunc</strong></span> <span class='ocrx_word' id='word_1_36' title='bbox 3615 1057 3787 1136; x_wconf 89' lang='lat' dir='ltr'><strong>item</strong></span> 
     </span>
     <span class='ocr_line' id='line_1_5' title="bbox 741 1174 3787 1277; baseline 0 -26"><span class='ocrx_word' id='word_1_37' title='bbox 741 1185 1050 1277; x_wconf 85' lang='lat' dir='ltr'><strong>repetere</strong></span> <span class='ocrx_word' id='word_1_38' title='bbox 1093 1176 1295 1252; x_wconf 89' lang='lat' dir='ltr'><strong>nobis</strong></span> <span class='ocrx_word' id='word_1_39' title='bbox 1333 1175 1514 1251; x_wconf 89' lang='lat' dir='ltr'><strong>licet.</strong></span> <span class='ocrx_word' id='word_1_40' title='bbox 1593 1177 1864 1253; x_wconf 83' lang='lat' dir='ltr'><strong>Paucae</strong></span> <span class='ocrx_word' id='word_1_41' title='bbox 1905 1174 2093 1250; x_wconf 90' lang='lat' dir='ltr'><strong>enim</strong></span> <span class='ocrx_word' id='word_1_42' title='bbox 2135 1175 2478 1275; x_wconf 83' lang='lat' dir='ltr'><strong>hodieque</strong></span> <span class='ocrx_word' id='word_1_43' title='bbox 2520 1181 2685 1248; x_wconf 89' lang='lat' dir='ltr'><strong>sunt</strong></span> <span class='ocrx_word' id='word_1_44' title='bbox 2726 1175 2915 1274; x_wconf 89' lang='lat' dir='ltr'><strong>apud</strong></span> <span class='ocrx_word' id='word_1_45' title='bbox 2952 1177 3243 1252; x_wconf 82' lang='lat' dir='ltr'><strong>Exteros</strong></span> <span class='ocrx_word' id='word_1_46' title='bbox 3279 1176 3787 1266; x_wconf 86' lang='lat' dir='ltr'><strong>Bibliothecae,</strong></span> 
     </span>
     <span class='ocr_line' id='line_1_6' title="bbox 742 1291 3787 1431; baseline -0.001 -57"><span class='ocrx_word' id='word_1_47' title='bbox 742 1322 920 1396; x_wconf 90' lang='lat' dir='ltr'><strong>quae</strong></span> <span class='ocrx_word' id='word_1_48' title='bbox 984 1297 1326 1372; x_wconf 86' lang='lat' dir='ltr'><strong>Codicum</strong></span> <span class='ocrx_word' id='word_1_49' title='bbox 1368 1298 1606 1431; x_wconf 79' lang='lat' dir='ltr'><strong>pretio</strong></span> <span class='ocrx_word' id='word_1_50' title='bbox 1672 1319 1836 1372; x_wconf 90' lang='lat' dir='ltr'><strong>cum</strong></span> <span class='ocrx_word' id='word_1_51' title='bbox 1893 1297 2126 1372; x_wconf 69' lang='lat' dir='ltr'><strong>nostra</strong></span> <span class='ocrx_word' id='word_1_52' title='bbox 2189 1291 2571 1395; x_wconf 85' lang='lat' dir='ltr'><strong>comparari</strong></span> <span class='ocrx_word' id='word_1_53' title='bbox 2624 1303 2951 1394; x_wconf 79' lang='lat' dir='ltr'><strong>possunt,</strong></span> <span class='ocrx_word' id='word_1_54' title='bbox 3002 1296 3233 1385; x_wconf 86' lang='lat' dir='ltr'><strong>nulla,</strong></span> <span class='ocrx_word' id='word_1_55' title='bbox 3283 1321 3463 1395; x_wconf 89' lang='lat' dir='ltr'><strong>quae</strong></span> <span class='ocrx_word' id='word_1_56' title='bbox 3510 1298 3599 1374; x_wconf 86' lang='lat' dir='ltr'><strong>ab</strong></span> <span class='ocrx_word' id='word_1_57' title='bbox 3658 1297 3787 1372; x_wconf 88' lang='lat' dir='ltr'><strong>hac</strong></span> 
     </span>
     <span class='ocr_line' id='line_1_7' title="bbox 740 1415 1870 1516; baseline -0.001 -22"><span class='ocrx_word' id='word_1_58' title='bbox 740 1425 934 1516; x_wconf 89' lang='lat' dir='ltr'><strong>parte</strong></span> <span class='ocrx_word' id='word_1_59' title='bbox 983 1417 1291 1516; x_wconf 89' lang='lat' dir='ltr'><strong>palmam</strong></span> <span class='ocrx_word' id='word_1_60' title='bbox 1339 1415 1475 1515; x_wconf 90' lang='lat' dir='ltr'><strong>ipsi</strong></span> <span class='ocrx_word' id='word_1_61' title='bbox 1521 1415 1870 1515; x_wconf 85' lang='lat' dir='ltr'><strong>praeripit.</strong></span> 
     </span>
    </p>

    <p class='ocr_par' dir='ltr' id='par_1_3' title="bbox 734 1489 3783 2354">
     <span class='ocr_line' id='line_1_8' title="bbox 839 1489 3782 1669; baseline 0 -59"><span class='ocrx_word' id='word_1_62' title='bbox 839 1537 980 1612; x_wconf 89' lang='lat' dir='ltr'><strong>Sed</strong></span> <span class='ocrx_word' id='word_1_63' title='bbox 1043 1536 1131 1612; x_wconf 91' lang='lat' dir='ltr'><strong>de</strong></span> <span class='ocrx_word' id='word_1_64' title='bbox 1192 1534 1441 1610; x_wconf 91' lang='lat' dir='ltr'><strong>horum</strong></span> <span class='ocrx_word' id='word_1_65' title='bbox 1500 1534 1840 1612; x_wconf 89' lang='lat' dir='ltr'><strong>Codicum</strong></span> <span class='ocrx_word' id='word_1_66' title='bbox 1891 1536 2349 1634; x_wconf 73' lang='lat' dir='ltr'><strong>praestantia</strong></span> <span class='ocrx_word' id='word_1_67' title='bbox 2406 1489 2714 1623; x_wconf 84' lang='lat' dir='ltr'><strong>dicturo,</strong></span> <span class='ocrx_word' id='word_1_68' title='bbox 2764 1559 3088 1634; x_wconf 90' lang='lat' dir='ltr'><strong>campum</strong></span> <span class='ocrx_word' id='word_1_69' title='bbox 3134 1534 3307 1609; x_wconf 90' lang='lat' dir='ltr'><strong>mihi</strong></span> <span class='ocrx_word' id='word_1_70' title='bbox 3348 1534 3547 1610; x_wconf 89' lang='lat' dir='ltr'><strong>video</strong></span> <span class='ocrx_word' id='word_1_71' title='bbox 3589 1560 3782 1669; x_wconf 84' lang='lat' dir='ltr'><strong>aper·</strong></span> 
     </span>
     <span class='ocr_line' id='line_1_9' title="bbox 738 1653 3783 1754; baseline 0 -24"><span class='ocrx_word' id='word_1_72' title='bbox 738 1664 932 1745; x_wconf 88' lang='lat' dir='ltr'><strong>tum,</strong></span> <span class='ocrx_word' id='word_1_73' title='bbox 997 1663 1140 1731; x_wconf 87' lang='lat' dir='ltr'><strong>tam</strong></span> <span class='ocrx_word' id='word_1_74' title='bbox 1198 1654 1334 1730; x_wconf 79' lang='lat' dir='ltr'><strong>late</strong></span> <span class='ocrx_word' id='word_1_75' title='bbox 1401 1661 1792 1754; x_wconf 88' lang='lat' dir='ltr'><strong>patentem,</strong></span> <span class='ocrx_word' id='word_1_76' title='bbox 1857 1663 1980 1743; x_wconf 89' lang='lat' dir='ltr'><strong>ut,</strong></span> <span class='ocrx_word' id='word_1_77' title='bbox 2043 1655 2106 1729; x_wconf 90' lang='lat' dir='ltr'><strong>si</strong></span> <span class='ocrx_word' id='word_1_78' title='bbox 2157 1655 2266 1732; x_wconf 91' lang='lat' dir='ltr'><strong>vel</strong></span> <span class='ocrx_word' id='word_1_79' title='bbox 2313 1653 2553 1750; x_wconf 89' lang='lat' dir='ltr'><strong>leviter</strong></span> <span class='ocrx_word' id='word_1_80' title='bbox 2600 1661 2852 1730; x_wconf 90' lang='lat' dir='ltr'><strong>cuncta</strong></span> <span class='ocrx_word' id='word_1_81' title='bbox 2914 1655 3437 1754; x_wconf 86' lang='lat' dir='ltr'><strong>perlustrarem,</strong></span> <span class='ocrx_word' id='word_1_82' title='bbox 3486 1654 3783 1748; x_wconf 87' lang='lat' dir='ltr'><strong>nimium</strong></span> 
     </span>
     <span class='ocr_line' id='line_1_10' title="bbox 739 1773 3783 1874; baseline 0 -24"><span class='ocrx_word' id='word_1_83' title='bbox 739 1774 864 1850; x_wconf 86' lang='lat' dir='ltr'><strong>diu</strong></span> <span class='ocrx_word' id='word_1_84' title='bbox 903 1773 1077 1850; x_wconf 90' lang='lat' dir='ltr'><strong>mihi</strong></span> <span class='ocrx_word' id='word_1_85' title='bbox 1125 1773 1302 1850; x_wconf 82' lang='lat' dir='ltr'><strong>foret</strong></span> <span class='ocrx_word' id='word_1_86' title='bbox 1352 1775 1749 1874; x_wconf 74' lang='lat' dir='ltr'><strong>dicendum.</strong></span> <span class='ocrx_word' id='word_1_87' title='bbox 1852 1775 1965 1850; x_wconf 91' lang='lat' dir='ltr'><strong>Ne</strong></span> <span class='ocrx_word' id='word_1_88' title='bbox 2011 1799 2176 1874; x_wconf 85' lang='lat' dir='ltr'><strong>ergo</strong></span> <span class='ocrx_word' id='word_1_89' title='bbox 2221 1777 2445 1850; x_wconf 72' lang='lat' dir='ltr'><strong>vestra</strong></span> <span class='ocrx_word' id='word_1_90' title='bbox 2498 1775 2829 1874; x_wconf 71' lang='lat' dir='ltr'><strong>patientia</strong></span> <span class='ocrx_word' id='word_1_91' title='bbox 2877 1775 3127 1850; x_wconf 86' lang='lat' dir='ltr'><strong>abutar</strong></span> <span class='ocrx_word' id='word_1_92' title='bbox 3144 1833 3164 1864; x_wconf 97' lang='lat'><strong>,</strong></span> <span class='ocrx_word' id='word_1_93' title='bbox 3214 1799 3323 1850; x_wconf 89' lang='lat' dir='ltr'><strong>res</strong></span> <span class='ocrx_word' id='word_1_94' title='bbox 3382 1775 3783 1874; x_wconf 84' lang='lat' dir='ltr'><strong>praecipuas</strong></span> 
     </span>
     <span class='ocr_line' id='line_1_11' title="bbox 737 1895 3782 1996; baseline 0 -26"><span class='ocrx_word' id='word_1_95' title='bbox 737 1895 944 1970; x_wconf 92' lang='lat' dir='ltr'><strong>modo</strong></span> <span class='ocrx_word' id='word_1_96' title='bbox 1003 1895 1366 1993; x_wconf 86' lang='lat' dir='ltr'><strong>attingam.</strong></span> <span class='ocrx_word' id='word_1_97' title='bbox 1467 1895 1646 1970; x_wconf 89' lang='lat' dir='ltr'><strong>Aliis</strong></span> <span class='ocrx_word' id='word_1_98' title='bbox 1703 1920 1866 1996; x_wconf 89' lang='lat' dir='ltr'><strong>ergo</strong></span> <span class='ocrx_word' id='word_1_99' title='bbox 1937 1896 2209 1972; x_wconf 89' lang='lat' dir='ltr'><strong>omissis</strong></span> <span class='ocrx_word' id='word_1_100' title='bbox 2225 1954 2245 1983; x_wconf 97' lang='lat'><strong>,</strong></span> <span class='ocrx_word' id='word_1_101' title='bbox 2308 1895 2397 1970; x_wconf 92' lang='lat' dir='ltr'><strong>de</strong></span> <span class='ocrx_word' id='word_1_102' title='bbox 2463 1895 2880 1995; x_wconf 72' lang='lat' dir='ltr'><strong>,Geqqraphis</strong></span> <span class='ocrx_word' id='word_1_103' title='bbox 2928 1901 3203 1970; x_wconf 88' lang='lat' dir='ltr'><strong>tantum</strong></span> <span class='ocrx_word' id='word_1_104' title='bbox 3255 1901 3326 1968; x_wconf 93' lang='lat' dir='ltr'><strong>et</strong></span> <span class='ocrx_word' id='word_1_105' title='bbox 3371 1895 3745 1970; x_wconf 75' lang='lat' dir='ltr'><strong>Historieis</strong></span> <span class='ocrx_word' id='word_1_106' title='bbox 3762 1954 3782 1984; x_wconf 95' lang='lat'><strong>,</strong></span> 
     </span>
     <span class='ocr_line' id='line_1_12' title="bbox 736 2014 3783 2114; baseline 0 -24"><span class='ocrx_word' id='word_1_107' title='bbox 736 2015 978 2114; x_wconf 86' lang='lat' dir='ltr'><strong>paucis</strong></span> <span class='ocrx_word' id='word_1_108' title='bbox 1031 2040 1220 2092; x_wconf 91' lang='lat' dir='ltr'><strong>nunc</strong></span> <span class='ocrx_word' id='word_1_109' title='bbox 1285 2015 1706 2092; x_wconf 85' lang='lat' dir='ltr'><strong>disseramus</strong></span> <span class='ocrx_word' id='word_1_110' title='bbox 1724 2073 1746 2104; x_wconf 94' lang='lat'><strong>,</strong></span> <span class='ocrx_word' id='word_1_111' title='bbox 1814 2024 1886 2090; x_wconf 91' lang='lat' dir='ltr'><strong>et</strong></span> <span class='ocrx_word' id='word_1_112' title='bbox 1943 2016 2032 2094; x_wconf 89' lang='lat' dir='ltr'><strong>de</strong></span> <span class='ocrx_word' id='word_1_113' title='bbox 2085 2014 2451 2104; x_wconf 91' lang='lat' dir='ltr'><strong>subsidiis,</strong></span> <span class='ocrx_word' id='word_1_114' title='bbox 2502 2039 2681 2113; x_wconf 88' lang='lat' dir='ltr'><strong>quae</strong></span> <span class='ocrx_word' id='word_1_115' title='bbox 2731 2014 2806 2088; x_wconf 92' lang='lat' dir='ltr'><strong>in</strong></span> <span class='ocrx_word' id='word_1_116' title='bbox 2854 2015 2983 2090; x_wconf 90' lang='lat' dir='ltr'><strong>hac</strong></span> <span class='ocrx_word' id='word_1_117' title='bbox 3030 2014 3465 2090; x_wconf 65' lang='lat' dir='ltr'><strong>Bibliotheca</strong></span> <span class='ocrx_word' id='word_1_118' title='bbox 3512 2023 3783 2114; x_wconf 86' lang='lat' dir='ltr'><strong>praesto</strong></span> 
     </span>
     <span class='ocr_line' id='line_1_13' title="bbox 735 2117 3783 2234; baseline 0 -26"><span class='ocrx_word' id='word_1_119' title='bbox 735 2140 898 2208; x_wconf 89' lang='lat' dir='ltr'><strong>sunt</strong></span> <span class='ocrx_word' id='word_1_120' title='bbox 918 2193 939 2222; x_wconf 95' lang='lat'><strong>,</strong></span> <span class='ocrx_word' id='word_1_121' title='bbox 1016 2136 1312 2210; x_wconf 61' lang='lat' dir='ltr'><strong>&amp;iticae</strong></span> <span class='ocrx_word' id='word_1_122' title='bbox 1373 2136 1455 2211; x_wconf 89' lang='lat' dir='ltr'><strong>V.</strong></span> <span class='ocrx_word' id='word_1_123' title='bbox 1505 2142 1577 2210; x_wconf 91' lang='lat' dir='ltr'><strong>et</strong></span> <span class='ocrx_word' id='word_1_124' title='bbox 1623 2135 1720 2211; x_wconf 91' lang='lat' dir='ltr'><strong>N.</strong></span> <span class='ocrx_word' id='word_1_125' title='bbox 1773 2135 1852 2210; x_wconf 79' lang='grc' dir='ltr'><strong>Τ.</strong></span> <span class='ocrx_word' id='word_1_126' title='bbox 1900 2135 2284 2212; x_wconf 84' lang='lat' dir='ltr'><strong>accuratius</strong></span> <span class='ocrx_word' id='word_1_127' title='bbox 2335 2117 2770 2223; x_wconf 63' lang='lat' dir='ltr'><strong>tractandae,</strong></span> <span class='ocrx_word' id='word_1_128' title='bbox 2818 2143 3030 2232; x_wconf 86' lang='lat' dir='ltr'><strong>atque</strong></span> <span class='ocrx_word' id='word_1_129' title='bbox 3084 2133 3295 2234; x_wconf 90' lang='lat' dir='ltr'><strong>hujus</strong></span> <span class='ocrx_word' id='word_1_130' title='bbox 3350 2137 3783 2233; x_wconf 75' lang='lat' dir='ltr'><strong>Interpreta-</strong></span> 
     </span>
     <span class='ocr_line' id='line_1_14' title="bbox 734 2253 2771 2354; baseline 0.003 -28"><span class='ocrx_word' id='word_1_131' title='bbox 734 2256 902 2328; x_wconf 80' lang='lat' dir='ltr'><strong>tioni</strong></span> <span class='ocrx_word' id='word_1_132' title='bbox 943 2253 1292 2352; x_wconf 84' lang='lat' dir='ltr'><strong>juvandae</strong></span> <span class='ocrx_word' id='word_1_133' title='bbox 1340 2262 1411 2329; x_wconf 97' lang='lat' dir='ltr'><strong>et</strong></span> <span class='ocrx_word' id='word_1_134' title='bbox 1458 2254 1913 2332; x_wconf 80' lang='lat' dir='ltr'><strong>exornandae.</strong></span> <span class='ocrx_word' id='word_1_135' title='bbox 2011 2255 2128 2330; x_wconf 91' lang='lat' dir='ltr'><strong>Ab</strong></span> <span class='ocrx_word' id='word_1_136' title='bbox 2179 2255 2288 2329; x_wconf 91' lang='lat' dir='ltr'><strong>his</strong></span> <span class='ocrx_word' id='word_1_137' title='bbox 2338 2255 2771 2354; x_wconf 88' lang='lat' dir='ltr'><strong>incipiamus.</strong></span> 
     </span>
    </p>

    <p class='ocr_par' dir='ltr' id='par_1_4' title="bbox 727 2373 3785 3553">
     <span class='ocr_line' id='line_1_15' title="bbox 826 2373 3781 2474; baseline 0 -25"><span class='ocrx_word' id='word_1_138' title='bbox 826 2374 1180 2450; x_wconf 87' lang='lat' dir='ltr'><strong>Mirantur</strong></span> <span class='ocrx_word' id='word_1_139' title='bbox 1241 2374 1529 2450; x_wconf 88' lang='lat' dir='ltr'><strong>fortasse</strong></span> <span class='ocrx_word' id='word_1_140' title='bbox 1571 2375 1890 2452; x_wconf 86' lang='lat' dir='ltr'><strong>nonnulli</strong></span> <span class='ocrx_word' id='word_1_141' title='bbox 1934 2375 2267 2474; x_wconf 84' lang='lat' dir='ltr'><strong>Theologi</strong></span> <span class='ocrx_word' id='word_1_142' title='bbox 2311 2377 2495 2452; x_wconf 80' lang='lat' dir='ltr'><strong>Novi</strong></span> <span class='ocrx_word' id='word_1_143' title='bbox 2544 2376 2958 2450; x_wconf 75' lang='lat' dir='ltr'><strong>Testamenti</strong></span> <span class='ocrx_word' id='word_1_144' title='bbox 3000 2373 3118 2448; x_wconf 78' lang='lat' dir='ltr'><strong>hic</strong></span> <span class='ocrx_word' id='word_1_145' title='bbox 3166 2373 3591 2450; x_wconf 91' lang='lat' dir='ltr'><strong>mentionem</strong></span> <span class='ocrx_word' id='word_1_146' title='bbox 3641 2374 3781 2450; x_wconf 78' lang='lat' dir='ltr'><strong>fac-</strong></span> 
     </span>
     <span class='ocr_line' id='line_1_16' title="bbox 731 2493 3785 2594; baseline 0.001 -28"><span class='ocrx_word' id='word_1_147' title='bbox 731 2501 874 2566; x_wconf 87' lang='lat' dir='ltr'><strong>tam</strong></span> <span class='ocrx_word' id='word_1_148' title='bbox 932 2519 1119 2582; x_wconf 91' lang='lat' dir='ltr'><strong>esse,</strong></span> <span class='ocrx_word' id='word_1_149' title='bbox 1187 2500 1517 2593; x_wconf 89' lang='lat' dir='ltr'><strong>putantes</strong></span> <span class='ocrx_word' id='word_1_150' title='bbox 1579 2493 1876 2583; x_wconf 87' lang='lat' dir='ltr'><strong>scilicet,</strong></span> <span class='ocrx_word' id='word_1_151' title='bbox 1940 2495 2162 2593; x_wconf 87' lang='lat' dir='ltr'><strong>ipsius</strong></span> <span class='ocrx_word' id='word_1_152' title='bbox 2245 2497 2542 2572; x_wconf 80' lang='lat' dir='ltr'><strong>Oriticen</strong></span> <span class='ocrx_word' id='word_1_153' title='bbox 2600 2519 2687 2568; x_wconf 83' lang='lat' dir='ltr'><strong>ex</strong></span> <span class='ocrx_word' id='word_1_154' title='bbox 2742 2493 2851 2568; x_wconf 91' lang='lat' dir='ltr'><strong>his</strong></span> <span class='ocrx_word' id='word_1_155' title='bbox 2914 2494 3291 2570; x_wconf 89' lang='lat' dir='ltr'><strong>Codicibus</strong></span> <span class='ocrx_word' id='word_1_156' title='bbox 3336 2519 3477 2570; x_wconf 89' lang='lat' dir='ltr'><strong>non</strong></span> <span class='ocrx_word' id='word_1_157' title='bbox 3528 2519 3785 2594; x_wconf 87' lang='lat' dir='ltr'><strong>magna</strong></span> 
     </span>
     <span class='ocr_line' id='line_1_17' title="bbox 729 2612 3782 2714; baseline 0 -28"><span class='ocrx_word' id='word_1_158' title='bbox 729 2612 1153 2690; x_wconf 87' lang='lat' dir='ltr'><strong>incrementa</strong></span> <span class='ocrx_word' id='word_1_159' title='bbox 1213 2620 1575 2711; x_wconf 87' lang='lat' dir='ltr'><strong>capturam</strong></span> <span class='ocrx_word' id='word_1_160' title='bbox 1637 2638 1810 2690; x_wconf 88' lang='lat' dir='ltr'><strong>esse.</strong></span> <span class='ocrx_word' id='word_1_161' title='bbox 1925 2615 2002 2690; x_wconf 87' lang='lat' dir='ltr'><strong>Si</strong></span> <span class='ocrx_word' id='word_1_162' title='bbox 2071 2616 2146 2688; x_wconf 88' lang='lat' dir='ltr'><em>V</em></span> <span class='ocrx_word' id='word_1_163' title='bbox 2135 2617 2433 2692; x_wconf 81' lang='lat' dir='ltr'><strong>ersiones</strong></span> <span class='ocrx_word' id='word_1_164' title='bbox 2484 2614 2536 2690; x_wconf 90' lang='lat' dir='ltr'><strong>ii</strong></span> <span class='ocrx_word' id='word_1_165' title='bbox 2586 2614 2943 2690; x_wconf 84' lang='lat' dir='ltr'><strong>attendere</strong></span> <span class='ocrx_word' id='word_1_166' title='bbox 2990 2615 3214 2688; x_wconf 89' lang='lat' dir='ltr'><strong>nolint</strong></span> <span class='ocrx_word' id='word_1_167' title='bbox 3232 2672 3254 2703; x_wconf 94' lang='lat'><strong>,</strong></span> <span class='ocrx_word' id='word_1_168' title='bbox 3314 2613 3513 2690; x_wconf 88' lang='lat' dir='ltr'><strong>facile</strong></span> <span class='ocrx_word' id='word_1_169' title='bbox 3564 2614 3782 2714; x_wconf 87' lang='lat' dir='ltr'><strong>expli-</strong></span> 
     </span>
     <span class='ocr_line' id='line_1_18' title="bbox 729 2731 3781 2834; baseline -0.001 -24"><span class='ocrx_word' id='word_1_170' title='bbox 729 2740 925 2810; x_wconf 80' lang='lat' dir='ltr'><strong>catur</strong></span> <span class='ocrx_word' id='word_1_171' title='bbox 944 2790 964 2821; x_wconf 93' lang='lat'><strong>,</strong></span> <span class='ocrx_word' id='word_1_172' title='bbox 1036 2757 1251 2833; x_wconf 88' lang='lat' dir='ltr'><strong>quare</strong></span> <span class='ocrx_word' id='word_1_173' title='bbox 1315 2733 1416 2808; x_wconf 91' lang='lat' dir='ltr'><strong>sic</strong></span> <span class='ocrx_word' id='word_1_174' title='bbox 1471 2731 1845 2832; x_wconf 87' lang='lat' dir='ltr'><strong>judicetur.</strong></span> <span class='ocrx_word' id='word_1_175' title='bbox 1943 2732 2100 2808; x_wconf 90' lang='lat' dir='ltr'><strong>Has</strong></span> <span class='ocrx_word' id='word_1_176' title='bbox 2157 2759 2316 2810; x_wconf 88' lang='lat' dir='ltr'><strong>vero</strong></span> <span class='ocrx_word' id='word_1_177' title='bbox 2335 2793 2354 2824; x_wconf 95' lang='lat'><strong>,</strong></span> <span class='ocrx_word' id='word_1_178' title='bbox 2426 2737 2753 2834; x_wconf 70' lang='lat' dir='ltr'><strong>Syriacas</strong></span> <span class='ocrx_word' id='word_1_179' title='bbox 2808 2734 3211 2832; x_wconf 88' lang='lat' dir='ltr'><strong>praesertim</strong></span> <span class='ocrx_word' id='word_1_180' title='bbox 3228 2793 3249 2822; x_wconf 95' lang='lat'><strong>,</strong></span> <span class='ocrx_word' id='word_1_181' title='bbox 3298 2733 3585 2810; x_wconf 83' lang='lat' dir='ltr'><strong>maximi</strong></span> <span class='ocrx_word' id='word_1_182' title='bbox 3618 2758 3781 2808; x_wconf 84' lang='lat' dir='ltr'><strong>esse</strong></span> 
     </span>
     <span class='ocr_line' id='line_1_19' title="bbox 728 2851 3781 2952; baseline 0 -24"><span class='ocrx_word' id='word_1_183' title='bbox 728 2852 1102 2942; x_wconf 90' lang='lat' dir='ltr'><strong>momenti,</strong></span> <span class='ocrx_word' id='word_1_184' title='bbox 1169 2853 1484 2952; x_wconf 83' lang='lat' dir='ltr'><strong>germani</strong></span> <span class='ocrx_word' id='word_1_185' title='bbox 1543 2851 1878 2951; x_wconf 81' lang='lat' dir='ltr'><strong>Theologi</strong></span> <span class='ocrx_word' id='word_1_186' title='bbox 1931 2852 2089 2952; x_wconf 90' lang='lat' dir='ltr'><strong>jure</strong></span> <span class='ocrx_word' id='word_1_187' title='bbox 2151 2855 2583 2942; x_wconf 87' lang='lat' dir='ltr'><strong>concedunt;</strong></span> <span class='ocrx_word' id='word_1_188' title='bbox 2650 2854 2773 2952; x_wconf 88' lang='lat' dir='ltr'><strong>qui</strong></span> <span class='ocrx_word' id='word_1_189' title='bbox 2828 2855 2887 2928; x_wconf 89' lang='lat' dir='ltr'><strong>si</strong></span> <span class='ocrx_word' id='word_1_190' title='bbox 2944 2857 3282 2928; x_wconf 77' lang='lat' dir='ltr'><strong>Arabicas</strong></span> <span class='ocrx_word' id='word_1_191' title='bbox 3305 2912 3324 2942; x_wconf 91' lang='lat'><strong>,</strong></span> <span class='ocrx_word' id='word_1_192' title='bbox 3376 2879 3463 2928; x_wconf 81' lang='lat' dir='ltr'><strong>ex</strong></span> <span class='ocrx_word' id='word_1_193' title='bbox 3522 2857 3781 2928; x_wconf 81' lang='lat' dir='ltr'><strong>Graeco</strong></span> 
     </span>
     <span class='ocr_line' id='line_1_20' title="bbox 731 2972 3778 3073; baseline 0 -26"><span class='ocrx_word' id='word_1_194' title='bbox 731 2979 918 3047; x_wconf 74' lang='lat' dir='ltr'><strong>teoetu</strong></span> <span class='ocrx_word' id='word_1_195' title='bbox 962 2981 1146 3047; x_wconf 88' lang='lat' dir='ltr'><strong>ortas</strong></span> <span class='ocrx_word' id='word_1_196' title='bbox 1171 3031 1189 3060; x_wconf 92' lang='lat'><strong>,</strong></span> <span class='ocrx_word' id='word_1_197' title='bbox 1241 2973 1410 3072; x_wconf 87' lang='lat' dir='ltr'><strong>quia</strong></span> <span class='ocrx_word' id='word_1_198' title='bbox 1447 2973 1860 3049; x_wconf 87' lang='lat' dir='ltr'><strong>recentiores</strong></span> <span class='ocrx_word' id='word_1_199' title='bbox 1911 2982 2111 3062; x_wconf 89' lang='lat' dir='ltr'><strong>sunt,</strong></span> <span class='ocrx_word' id='word_1_200' title='bbox 2161 2975 2409 3051; x_wconf 87' lang='lat' dir='ltr'><strong>merito</strong></span> <span class='ocrx_word' id='word_1_201' title='bbox 2450 2974 2714 3051; x_wconf 87' lang='lat' dir='ltr'><strong>faciunt</strong></span> <span class='ocrx_word' id='word_1_202' title='bbox 2748 2974 3033 3050; x_wconf 91' lang='lat' dir='ltr'><strong>minoris</strong></span> <span class='ocrx_word' id='word_1_203' title='bbox 3052 3034 3071 3064; x_wconf 99' lang='lat'><strong>,</strong></span> <span class='ocrx_word' id='word_1_204' title='bbox 3121 2974 3339 3073; x_wconf 89' lang='lat' dir='ltr'><strong>pluris</strong></span> <span class='ocrx_word' id='word_1_205' title='bbox 3385 2974 3532 3049; x_wconf 87' lang='lat' dir='ltr'><strong>sine</strong></span> <span class='ocrx_word' id='word_1_206' title='bbox 3562 2972 3778 3048; x_wconf 91' lang='lat' dir='ltr'><strong>dubio</strong></span> 
     </span>
     <span class='ocr_line' id='line_1_21' title="bbox 728 3091 3777 3194; baseline 0 -27"><span class='ocrx_word' id='word_1_207' title='bbox 728 3091 1097 3168; x_wconf 87' lang='lat' dir='ltr'><strong>aestimant</strong></span> <span class='ocrx_word' id='word_1_208' title='bbox 1146 3092 1516 3169; x_wconf 84' lang='lat' dir='ltr'><strong>Versiones</strong></span> <span class='ocrx_word' id='word_1_209' title='bbox 1569 3094 1906 3169; x_wconf 73' lang='lat' dir='ltr'><strong>Arabicas</strong></span> <span class='ocrx_word' id='word_1_210' title='bbox 1947 3120 2034 3168; x_wconf 81' lang='lat' dir='ltr'><strong>ex</strong></span> <span class='ocrx_word' id='word_1_211' title='bbox 2075 3095 2298 3169; x_wconf 91' lang='lat' dir='ltr'><strong>multo</strong></span> <span class='ocrx_word' id='word_1_212' title='bbox 2349 3096 2737 3194; x_wconf 88' lang='lat' dir='ltr'><strong>antiquiore</strong></span> <span class='ocrx_word' id='word_1_213' title='bbox 2782 3102 2985 3171; x_wconf 82' lang='lat' dir='ltr'><strong>textu</strong></span> <span class='ocrx_word' id='word_1_214' title='bbox 3038 3098 3324 3192; x_wconf 71' lang='lat' dir='ltr'><strong>Syriaco</strong></span> <span class='ocrx_word' id='word_1_215' title='bbox 3371 3093 3739 3168; x_wconf 87' lang='lat' dir='ltr'><strong>translatas</strong></span> <span class='ocrx_word' id='word_1_216' title='bbox 3754 3150 3777 3181; x_wconf 88' lang='lat'><strong>,</strong></span> 
     </span>
     <span class='ocr_line' id='line_1_22' title="bbox 730 3212 3783 3314; baseline 0 -30"><span class='ocrx_word' id='word_1_217' title='bbox 730 3234 912 3309; x_wconf 88' lang='lat' dir='ltr'><strong>quae</strong></span> <span class='ocrx_word' id='word_1_218' title='bbox 959 3236 1207 3314; x_wconf 89' lang='lat' dir='ltr'><strong>nempe</strong></span> <span class='ocrx_word' id='word_1_219' title='bbox 1247 3213 1437 3288; x_wconf 87' lang='lat' dir='ltr'><strong>haud</strong></span> <span class='ocrx_word' id='word_1_220' title='bbox 1473 3238 1725 3314; x_wconf 84' lang='lat' dir='ltr'><strong>parvae</strong></span> <span class='ocrx_word' id='word_1_221' title='bbox 1765 3220 1932 3287; x_wconf 86' lang='lat' dir='ltr'><strong>sunt</strong></span> <span class='ocrx_word' id='word_1_222' title='bbox 1967 3212 2288 3289; x_wconf 88' lang='lat' dir='ltr'><strong>utilitatis</strong></span> <span class='ocrx_word' id='word_1_223' title='bbox 2341 3215 2435 3289; x_wconf 89' lang='lat' dir='ltr'><strong>ad</strong></span> <span class='ocrx_word' id='word_1_224' title='bbox 2478 3214 2841 3313; x_wconf 88' lang='lat' dir='ltr'><strong>pristinam</strong></span> <span class='ocrx_word' id='word_1_225' title='bbox 2887 3212 3303 3288; x_wconf 91' lang='lat' dir='ltr'><strong>Versionum</strong></span> <span class='ocrx_word' id='word_1_226' title='bbox 3346 3212 3783 3311; x_wconf 86' lang='lat' dir='ltr'><strong>Syriacarum</strong></span> 
     </span>
     <span class='ocr_line' id='line_1_23' title="bbox 729 3328 3782 3434; baseline 0 -29"><span class='ocrx_word' id='word_1_227' title='bbox 729 3328 1196 3407; x_wconf 86' lang='lat' dir='ltr'><strong>conditionem</strong></span> <span class='ocrx_word' id='word_1_228' title='bbox 1245 3333 1499 3409; x_wconf 90' lang='lat' dir='ltr'><strong>melius</strong></span> <span class='ocrx_word' id='word_1_229' title='bbox 1547 3334 2120 3434; x_wconf 85' lang='lat' dir='ltr'><strong>cognoscendam.</strong></span> <span class='ocrx_word' id='word_1_230' title='bbox 2222 3335 2501 3409; x_wconf 89' lang='lat' dir='ltr'><strong>Harum</strong></span> <span class='ocrx_word' id='word_1_231' title='bbox 2554 3333 2972 3409; x_wconf 88' lang='lat' dir='ltr'><strong>Versionum</strong></span> <span class='ocrx_word' id='word_1_232' title='bbox 3014 3333 3090 3407; x_wconf 91' lang='lat' dir='ltr'><strong>in</strong></span> <span class='ocrx_word' id='word_1_233' title='bbox 3139 3332 3393 3408; x_wconf 90' lang='lat' dir='ltr'><strong>nostris</strong></span> <span class='ocrx_word' id='word_1_234' title='bbox 3438 3331 3782 3409; x_wconf 85' lang='lat' dir='ltr'><strong>thesauris</strong></span> 
     </span>
     <span class='ocr_line' id='line_1_24' title="bbox 727 3447 2901 3553; baseline 0.003 -30"><span class='ocrx_word' id='word_1_235' title='bbox 727 3447 1020 3525; x_wconf 83' lang='lat' dir='ltr'><strong>Codices</strong></span> <span class='ocrx_word' id='word_1_236' title='bbox 1063 3458 1337 3529; x_wconf 84' lang='lat' dir='ltr'><strong>exstant</strong></span> <span class='ocrx_word' id='word_1_237' title='bbox 1357 3510 1377 3541; x_wconf 97' lang='lat'><strong>,</strong></span> <span class='ocrx_word' id='word_1_238' title='bbox 1429 3452 1627 3552; x_wconf 83' lang='lat' dir='ltr'><strong>digni</strong></span> <span class='ocrx_word' id='word_1_239' title='bbox 1673 3453 1800 3553; x_wconf 91' lang='lat' dir='ltr'><strong>qui</strong></span> <span class='ocrx_word' id='word_1_240' title='bbox 1847 3454 2234 3529; x_wconf 88' lang='lat' dir='ltr'><strong>accuratius</strong></span> <span class='ocrx_word' id='word_1_241' title='bbox 2285 3454 2729 3531; x_wconf 83' lang='lat' dir='ltr'><strong>conferantur</strong></span> <span class='ocrx_word' id='word_1_242' title='bbox 2780 3455 2901 3546; x_wconf 87' lang='lat'><strong>¹⁴).</strong></span> 
     </span>
    </p>

    <p class='ocr_par' dir='ltr' id='par_1_5' title="bbox 725 3569 3779 3793">
     <span class='ocr_line' id='line_1_25' title="bbox 824 3569 3778 3674; baseline 0 -26"><span class='ocrx_word' id='word_1_243' title='bbox 824 3569 974 3648; x_wconf 84' lang='lat' dir='ltr'><strong>Qui</strong></span> <span class='ocrx_word' id='word_1_244' title='bbox 1049 3570 1300 3646; x_wconf 90' lang='lat' dir='ltr'><strong>deinde</strong></span> <span class='ocrx_word' id='word_1_245' title='bbox 1374 3572 1758 3649; x_wconf 80' lang='lat' dir='ltr'><strong>Historiam</strong></span> <span class='ocrx_word' id='word_1_246' title='bbox 1823 3574 2424 3674; x_wconf 87' lang='lat' dir='ltr'><strong>Interpretationis</strong></span> <span class='ocrx_word' id='word_1_247' title='bbox 2480 3575 2573 3650; x_wconf 91' lang='lat' dir='ltr'><strong>N.</strong></span> <span class='ocrx_word' id='word_1_248' title='bbox 2626 3574 2704 3649; x_wconf 76' lang='lat' dir='ltr'><strong>T.</strong></span> <span class='ocrx_word' id='word_1_249' title='bbox 2756 3574 3216 3673; x_wconf 88' lang='lat' dir='ltr'><strong>pervestigare</strong></span> <span class='ocrx_word' id='word_1_250' title='bbox 3254 3573 3458 3662; x_wconf 88' lang='lat' dir='ltr'><strong>velit,</strong></span> <span class='ocrx_word' id='word_1_251' title='bbox 3510 3572 3778 3649; x_wconf 91' lang='lat' dir='ltr'><strong>nullam</strong></span> 
     </span>
     <span class='ocr_line' id='line_1_26' title="bbox 725 3684 3779 3793; baseline 0.002 -32"><span class='ocrx_word' id='word_1_252' title='bbox 725 3684 788 3761; x_wconf 89' lang='lat' dir='ltr'><strong>is</strong></span> <span class='ocrx_word' id='word_1_253' title='bbox 832 3711 972 3763; x_wconf 89' lang='lat' dir='ltr'><strong>non</strong></span> <span class='ocrx_word' id='word_1_254' title='bbox 1027 3690 1236 3765; x_wconf 90' lang='lat' dir='ltr'><strong>modo</strong></span> <span class='ocrx_word' id='word_1_255' title='bbox 1286 3689 1694 3766; x_wconf 91' lang='lat' dir='ltr'><strong>Versionem</strong></span> <span class='ocrx_word' id='word_1_256' title='bbox 1744 3692 1885 3767; x_wconf 89' lang='lat' dir='ltr'><strong>sive</strong></span> <span class='ocrx_word' id='word_1_257' title='bbox 1934 3692 2308 3768; x_wconf 89' lang='lat' dir='ltr'><strong>Arabicam</strong></span> <span class='ocrx_word' id='word_1_258' title='bbox 2328 3751 2348 3782; x_wconf 93' lang='lat'><strong>,</strong></span> <span class='ocrx_word' id='word_1_259' title='bbox 2416 3692 2557 3767; x_wconf 87' lang='lat' dir='ltr'><strong>sive</strong></span> <span class='ocrx_word' id='word_1_260' title='bbox 2605 3693 2811 3769; x_wconf 89' lang='lat' dir='ltr'><strong>aliam</strong></span> <span class='ocrx_word' id='word_1_261' title='bbox 2860 3694 3207 3793; x_wconf 88' lang='lat' dir='ltr'><strong>negligat,</strong></span> <span class='ocrx_word' id='word_1_262' title='bbox 3276 3693 3402 3769; x_wconf 91' lang='lat' dir='ltr'><strong>sed</strong></span> <span class='ocrx_word' id='word_1_263' title='bbox 3448 3694 3779 3767; x_wconf 79' lang='lat' dir='ltr'><strong>Arabicas</strong></span> 
     </span>
    </p>
   </div>
   <div class='ocr_carea' id='block_1_3' title="bbox 726 3808 3891 3915">
    <p class='ocr_par' dir='ltr' id='par_1_6' title="bbox 726 3808 3891 3915">
     <span class='ocr_line' id='line_1_27' title="bbox 726 3808 3891 3915; baseline 0.003 -34"><span class='ocrx_word' id='word_1_264' title='bbox 726 3808 938 3885; x_wconf 88' lang='lat' dir='ltr'><strong>etiam</strong></span> <span class='ocrx_word' id='word_1_265' title='bbox 994 3812 1514 3887; x_wconf 80' lang='lat' dir='ltr'><strong>Commentarios</strong></span> <span class='ocrx_word' id='word_1_266' title='bbox 1556 3812 1873 3888; x_wconf 79' lang='lat' dir='ltr'><strong>attendat</strong></span> <span class='ocrx_word' id='word_1_267' title='bbox 1895 3870 1915 3901; x_wconf 93' lang='lat'><strong>,</strong></span> <span class='ocrx_word' id='word_1_268' title='bbox 1955 3838 2131 3911; x_wconf 92' lang='lat' dir='ltr'><strong>quos</strong></span> <span class='ocrx_word' id='word_1_269' title='bbox 2173 3820 2244 3889; x_wconf 90' lang='lat' dir='ltr'><strong>et</strong></span> <span class='ocrx_word' id='word_1_270' title='bbox 2283 3812 2402 3888; x_wconf 74' lang='lat' dir='ltr'><strong>hic</strong></span> <span class='ocrx_word' id='word_1_271' title='bbox 2438 3813 2731 3912; x_wconf 86' lang='lat' dir='ltr'><strong>reperiet</strong></span> <span class='ocrx_word' id='word_1_272' title='bbox 2770 3816 2891 3906; x_wconf 67' lang='lat'><strong>¹³⁵).</strong></span> <span class='ocrx_word' id='word_1_273' title='bbox 2970 3814 3117 3893; x_wconf 89' lang='lat' dir='ltr'><strong>Qui</strong></span> <span class='ocrx_word' id='word_1_274' title='bbox 3158 3812 3218 3887; x_wconf 88' lang='lat' dir='ltr'><strong>si</strong></span> <span class='ocrx_word' id='word_1_275' title='bbox 3249 3812 3530 3910; x_wconf 87' lang='lat' dir='ltr'><strong>quando</strong></span> <span class='ocrx_word' id='word_1_276' title='bbox 3562 3812 3770 3889; x_wconf 87' lang='lat' dir='ltr'><strong>eden·</strong></span> <span class='ocrx_word' id='word_1_277' title='bbox 3884 3908 3891 3915; x_wconf 33' lang='grc'><strong>,</strong></span> 
     </span>
    </p>
   </div>
   <div class='ocr_carea' id='block_1_4' title="bbox 617 3929 3769 4747">
    <p class='ocr_par' dir='ltr' id='par_1_7' title="bbox 617 3929 3769 4392">
     <span class='ocr_line' id='line_1_28' title="bbox 725 3929 3769 4033; baseline 0.001 -33"><span class='ocrx_word' id='word_1_278' title='bbox 725 3934 842 4003; x_wconf 89' lang='lat' dir='ltr'><strong>tur</strong></span> <span class='ocrx_word' id='word_1_279' title='bbox 857 3986 878 4016; x_wconf 93' lang='lat'><strong>,</strong></span> <span class='ocrx_word' id='word_1_280' title='bbox 944 3929 1268 4005; x_wconf 89' lang='lat' dir='ltr'><strong>videbitis</strong></span> <span class='ocrx_word' id='word_1_281' title='bbox 1287 3990 1308 4020; x_wconf 93' lang='lat'><strong>,</strong></span> <span class='ocrx_word' id='word_1_282' title='bbox 1370 3929 1803 4006; x_wconf 85' lang='lat' dir='ltr'><strong>Christianae</strong></span> <span class='ocrx_word' id='word_1_283' title='bbox 1851 3932 1925 4007; x_wconf 88' lang='lat' dir='ltr'><strong>in</strong></span> <span class='ocrx_word' id='word_1_284' title='bbox 1980 3932 2267 4007; x_wconf 90' lang='lat' dir='ltr'><strong>Oriente</strong></span> <span class='ocrx_word' id='word_1_285' title='bbox 2293 3934 2727 4032; x_wconf 67' lang='lat' dir='ltr'><strong>Doymatices</strong></span> <span class='ocrx_word' id='word_1_286' title='bbox 2761 3942 2833 4007; x_wconf 92' lang='lat' dir='ltr'><strong>et</strong></span> <span class='ocrx_word' id='word_1_287' title='bbox 2858 3934 3321 4033; x_wconf 71' lang='lat' dir='ltr'><strong>Apoloyetices</strong></span> <span class='ocrx_word' id='word_1_288' title='bbox 3344 3933 3730 4005; x_wconf 82' lang='lat' dir='ltr'><strong>Historiam</strong></span> <span class='ocrx_word' id='word_1_289' title='bbox 3748 3988 3769 4017; x_wconf 99' lang='lat'><strong>,</strong></span> 
     </span>
     <span class='ocr_line' id='line_1_29' title="bbox 617 4046 3769 4148; baseline -0.001 -25"><span class='ocrx_word' id='word_1_290' title='bbox 617 4128 624 4136; x_wconf 63' lang='grc'><em>,</em></span> <span class='ocrx_word' id='word_1_291' title='bbox 725 4046 926 4145; x_wconf 81' lang='lat' dir='ltr'><strong>cujus</strong></span> <span class='ocrx_word' id='word_1_292' title='bbox 975 4050 1311 4147; x_wconf 84' lang='lat' dir='ltr'><strong>expositio</strong></span> <span class='ocrx_word' id='word_1_293' title='bbox 1375 4050 1490 4125; x_wconf 82' lang='lat' dir='ltr'><strong>vix</strong></span> <span class='ocrx_word' id='word_1_294' title='bbox 1529 4049 1867 4133; x_wconf 77' lang='lat' dir='ltr'><strong>‚inchoata</strong></span> <span class='ocrx_word' id='word_1_295' title='bbox 1908 4059 2055 4141; x_wconf 92' lang='lat' dir='ltr'><strong>est,</strong></span> <span class='ocrx_word' id='word_1_296' title='bbox 2123 4052 2411 4127; x_wconf 85' lang='lat' dir='ltr'><strong>mirifice</strong></span> <span class='ocrx_word' id='word_1_297' title='bbox 2452 4052 2619 4127; x_wconf 91' lang='lat' dir='ltr'><strong>inde</strong></span> <span class='ocrx_word' id='word_1_298' title='bbox 2662 4052 3083 4127; x_wconf 86' lang='lat' dir='ltr'><strong>illustratum</strong></span> <span class='ocrx_word' id='word_1_299' title='bbox 3127 4052 3212 4125; x_wconf 87' lang='lat' dir='ltr'><strong>iri</strong></span> <span class='ocrx_word' id='word_1_300' title='bbox 3226 4110 3245 4139; x_wconf 91' lang='lat'><strong>,</strong></span> <span class='ocrx_word' id='word_1_301' title='bbox 3296 4060 3366 4125; x_wconf 92' lang='lat' dir='ltr'><strong>et</strong></span> <span class='ocrx_word' id='word_1_302' title='bbox 3406 4052 3480 4124; x_wconf 94' lang='lat' dir='ltr'><strong>in</strong></span> <span class='ocrx_word' id='word_1_303' title='bbox 3525 4048 3769 4148; x_wconf 89' lang='lat' dir='ltr'><strong>primis</strong></span> 
     </span>
     <span class='ocr_line' id='line_1_30' title="bbox 725 4167 3765 4265; baseline 0 -25"><span class='ocrx_word' id='word_1_304' title='bbox 725 4189 812 4240; x_wconf 84' lang='lat' dir='ltr'><strong>ex</strong></span> <span class='ocrx_word' id='word_1_305' title='bbox 859 4170 1157 4265; x_wconf 79' lang='lat' dir='ltr'><strong>Scriptis</strong></span> <span class='ocrx_word' id='word_1_306' title='bbox 1169 4171 1526 4265; x_wconf 79' lang='lat' dir='ltr'><strong>polemicis</strong></span> <span class='ocrx_word' id='word_1_307' title='bbox 1566 4171 1884 4246; x_wconf 83' lang='lat' dir='ltr'><strong>Arabicis</strong></span> <span class='ocrx_word' id='word_1_308' title='bbox 1905 4228 1925 4259; x_wconf 97' lang='lat'><strong>,</strong></span> <span class='ocrx_word' id='word_1_309' title='bbox 1975 4171 2105 4246; x_wconf 92' lang='lat' dir='ltr'><strong>hoc</strong></span> <span class='ocrx_word' id='word_1_310' title='bbox 2149 4171 2433 4246; x_wconf 91' lang='lat' dir='ltr'><strong>consilio</strong></span> <span class='ocrx_word' id='word_1_311' title='bbox 2484 4197 2527 4245; x_wconf 90' lang='lat' dir='ltr'><strong>a</strong></span> <span class='ocrx_word' id='word_1_312' title='bbox 2568 4170 2979 4247; x_wconf 86' lang='lat' dir='ltr'><strong>Christianis</strong></span> <span class='ocrx_word' id='word_1_313' title='bbox 3022 4172 3351 4259; x_wconf 80' lang='lat' dir='ltr'><strong>exaratis,</strong></span> <span class='ocrx_word' id='word_1_314' title='bbox 3393 4176 3475 4243; x_wconf 93' lang='lat' dir='ltr'><strong>ut</strong></span> <span class='ocrx_word' id='word_1_315' title='bbox 3515 4167 3765 4243; x_wconf 90' lang='lat' dir='ltr'><strong>Libros</strong></span> 
     </span>
     <span class='ocr_line' id='line_1_31' title="bbox 725 4286 3761 4392; baseline 0.001 -33"><span class='ocrx_word' id='word_1_316' title='bbox 725 4286 968 4362; x_wconf 87' lang='lat' dir='ltr'><strong>Sacros</strong></span> <span class='ocrx_word' id='word_1_317' title='bbox 1016 4295 1428 4387; x_wconf 89' lang='lat' dir='ltr'><strong>sanctosque</strong></span> <span class='ocrx_word' id='word_1_318' title='bbox 1461 4289 1666 4365; x_wconf 90' lang='lat' dir='ltr'><strong>Viros</strong></span> <span class='ocrx_word' id='word_1_319' title='bbox 1700 4316 1781 4366; x_wconf 89' lang='lat' dir='ltr'><strong>ac</strong></span> <span class='ocrx_word' id='word_1_320' title='bbox 1819 4291 2073 4390; x_wconf 85' lang='lat' dir='ltr'><strong>placita</strong></span> <span class='ocrx_word' id='word_1_321' title='bbox 2107 4299 2345 4367; x_wconf 89' lang='lat' dir='ltr'><strong>contra</strong></span> <span class='ocrx_word' id='word_1_322' title='bbox 2379 4290 2866 4366; x_wconf 91' lang='lat' dir='ltr'><strong>Moslimorum</strong></span> <span class='ocrx_word' id='word_1_323' title='bbox 2908 4291 3249 4392; x_wconf 90' lang='lat' dir='ltr'><strong>impetum</strong></span> <span class='ocrx_word' id='word_1_324' title='bbox 3291 4288 3761 4363; x_wconf 87' lang='lat' dir='ltr'><strong>defenderent.</strong></span> 
     </span>
    </p>

    <p class='ocr_par' dir='ltr' id='par_1_8' title="bbox 722 4405 3765 4747">
     <span class='ocr_line' id='line_1_32' title="bbox 817 4405 3765 4510; baseline 0 -31"><span class='ocrx_word' id='word_1_325' title='bbox 817 4406 907 4481; x_wconf 87' lang='lat' dir='ltr'><strong>In</strong></span> <span class='ocrx_word' id='word_1_326' title='bbox 975 4408 1188 4483; x_wconf 84' lang='lat' dir='ltr'><strong>Vetus</strong></span> <span class='ocrx_word' id='word_1_327' title='bbox 1246 4415 1480 4483; x_wconf 91' lang='lat' dir='ltr'><strong>tamen</strong></span> <span class='ocrx_word' id='word_1_328' title='bbox 1529 4409 1734 4510; x_wconf 83' lang='lat' dir='ltr'><strong>longe</strong></span> <span class='ocrx_word' id='word_1_329' title='bbox 1773 4410 1974 4509; x_wconf 88' lang='lat' dir='ltr'><strong>plura</strong></span> <span class='ocrx_word' id='word_1_330' title='bbox 2013 4436 2226 4509; x_wconf 88' lang='lat' dir='ltr'><strong>quam</strong></span> <span class='ocrx_word' id='word_1_331' title='bbox 2267 4411 2341 4484; x_wconf 92' lang='lat' dir='ltr'><strong>in</strong></span> <span class='ocrx_word' id='word_1_332' title='bbox 2396 4412 2657 4485; x_wconf 83' lang='lat' dir='ltr'><strong>Novum</strong></span> <span class='ocrx_word' id='word_1_333' title='bbox 2710 4412 3198 4507; x_wconf 81' lang='lat' dir='ltr'><strong>Testamentum</strong></span> <span class='ocrx_word' id='word_1_334' title='bbox 3242 4434 3330 4483; x_wconf 89' lang='lat' dir='ltr'><strong>ex</strong></span> <span class='ocrx_word' id='word_1_335' title='bbox 3375 4408 3511 4482; x_wconf 88' lang='lat' dir='ltr'><strong>illis</strong></span> <span class='ocrx_word' id='word_1_336' title='bbox 3556 4405 3765 4481; x_wconf 88' lang='lat' dir='ltr'><strong>fonti·</strong></span> 
     </span>
     <span class='ocr_line' id='line_1_33' title="bbox 722 4523 3764 4618; baseline 0.001 -21"><span class='ocrx_word' id='word_1_337' title='bbox 722 4523 860 4599; x_wconf 92' lang='lat' dir='ltr'><strong>bus</strong></span> <span class='ocrx_word' id='word_1_338' title='bbox 898 4524 1236 4602; x_wconf 88' lang='lat' dir='ltr'><strong>beneficia</strong></span> <span class='ocrx_word' id='word_1_339' title='bbox 1273 4528 1689 4605; x_wconf 87' lang='lat' dir='ltr'><strong>redundant.</strong></span> <span class='ocrx_word' id='word_1_340' title='bbox 1761 4529 1958 4606; x_wconf 85' lang='lat' dir='ltr'><strong>Haec</strong></span> <span class='ocrx_word' id='word_1_341' title='bbox 1998 4556 2157 4605; x_wconf 85' lang='lat' dir='ltr'><strong>vero</strong></span> <span class='ocrx_word' id='word_1_342' title='bbox 2193 4530 2659 4618; x_wconf 90' lang='lat' dir='ltr'><strong>contendens,</strong></span> <span class='ocrx_word' id='word_1_343' title='bbox 2707 4529 2978 4605; x_wconf 88' lang='lat' dir='ltr'><strong>Veteris</strong></span> <span class='ocrx_word' id='word_1_344' title='bbox 3018 4527 3444 4607; x_wconf 83' lang='lat' dir='ltr'><strong>Testamenti</strong></span> <span class='ocrx_word' id='word_1_345' title='bbox 3472 4524 3764 4601; x_wconf 86' lang='lat' dir='ltr'><strong>Codices</strong></span> 
     </span>
     <span class='ocr_line' id='line_1_34' title="bbox 723 4644 3763 4747; baseline -0 -28"><span class='ocrx_word' id='word_1_346' title='bbox 723 4644 1118 4735; x_wconf 87' lang='lat' dir='ltr'><strong>Hebraeos,</strong></span> <span class='ocrx_word' id='word_1_347' title='bbox 1185 4647 1350 4747; x_wconf 87' lang='lat' dir='ltr'><strong>quia</strong></span> <span class='ocrx_word' id='word_1_348' title='bbox 1387 4648 1695 4747; x_wconf 88' lang='lat' dir='ltr'><strong>juniores</strong></span> <span class='ocrx_word' id='word_1_349' title='bbox 1743 4658 1943 4739; x_wconf 88' lang='lat' dir='ltr'><strong>sunt,</strong></span> <span class='ocrx_word' id='word_1_350' title='bbox 2005 4650 2241 4725; x_wconf 89' lang='lat' dir='ltr'><strong>minus</strong></span> <span class='ocrx_word' id='word_1_351' title='bbox 2284 4650 2375 4724; x_wconf 93' lang='lat' dir='ltr'><strong>ob</strong></span> <span class='ocrx_word' id='word_1_352' title='bbox 2426 4648 2659 4723; x_wconf 90' lang='lat' dir='ltr'><strong>oculos</strong></span> <span class='ocrx_word' id='word_1_353' title='bbox 2706 4648 2929 4723; x_wconf 90' lang='lat' dir='ltr'><strong>habeo</strong></span> <span class='ocrx_word' id='word_1_354' title='bbox 2980 4651 3122 4743; x_wconf 73' lang='lat'><strong>¹⁶),</strong></span> <span class='ocrx_word' id='word_1_355' title='bbox 3174 4649 3298 4724; x_wconf 89' lang='lat' dir='ltr'><strong>sed</strong></span> <span class='ocrx_word' id='word_1_356' title='bbox 3340 4646 3572 4747; x_wconf 88' lang='lat' dir='ltr'><strong>potius</strong></span> <span class='ocrx_word' id='word_1_357' title='bbox 3625 4644 3763 4723; x_wconf 87' lang='lat' dir='ltr'><strong>Co·</strong></span> 
     </span>
    </p>
   </div>
   <div class='ocr_carea' id='block_1_5' title="bbox 725 4761 3760 4959">
    <p class='ocr_par' dir='ltr' id='par_1_9' title="bbox 725 4761 3760 4959">
     <span class='ocr_line' id='line_1_35' title="bbox 725 4761 3760 4931; baseline 0 -93"><span class='ocrx_word' id='word_1_358' title='bbox 725 4761 946 4840; x_wconf 87' lang='lat' dir='ltr'><strong>dicem</strong></span> <span class='ocrx_word' id='word_1_359' title='bbox 991 4766 1445 4845; x_wconf 74' lang='lat' dir='ltr'><strong>Pentateuchi</strong></span> <span class='ocrx_word' id='word_1_360' title='bbox 1486 4773 1912 4849; x_wconf 80' lang='lat' dir='ltr'><strong>Samaritani</strong></span> <span class='ocrx_word' id='word_1_361' title='bbox 1938 4772 2076 4864; x_wconf 83' lang='lat'><strong>¹⁷),</strong></span> <span class='ocrx_word' id='word_1_362' title='bbox 2125 4778 2196 4847; x_wconf 90' lang='lat' dir='ltr'><strong>et</strong></span> <span class='ocrx_word' id='word_1_363' title='bbox 2245 4772 2322 4845; x_wconf 87' lang='lat' dir='ltr'><em>V</em></span> <span class='ocrx_word' id='word_1_364' title='bbox 2311 4796 2639 4862; x_wconf 67' lang='lat' dir='ltr'><strong>ermones</strong></span> <span class='ocrx_word' id='word_1_365' title='bbox 2677 4776 2830 4847; x_wconf 90' lang='lat' dir='ltr'><strong>tum</strong></span> <span class='ocrx_word' id='word_1_366' title='bbox 2868 4770 3232 4847; x_wconf 85' lang='lat' dir='ltr'><strong>Arabicam</strong></span> <span class='ocrx_word' id='word_1_367' title='bbox 3272 4766 3760 4931; x_wconf 39' lang='lat' dir='ltr'><strong>Pentateuchi,</strong></span> 
     </span>
     <span class='ocr_line' id='line_1_36' title="bbox 3274 4889 3319 4959; baseline 0 0"><span class='ocrx_word' id='word_1_368' title='bbox 3274 4889 3319 4959; x_wconf 78' lang='lat'><strong>2</strong></span> 
     </span>
    </p>
   </div>
  </div>
 </body>
</html>
