4766 6034
1851 630 2408 701 οιιΑτιο.
3346 602 3362 619 ’
3523 634 3654 703 203

617 848 791 923 forte
834 843 989 920 aliis
1034 842 1419 919 studiorum
1467 838 1905 917 adminiculis
1941 840 2201 915 lautius
2231 840 2531 941 prospici
2566 840 2786 917 fertur
2803 898 2822 930 ‚
2873 843 2964 917 ab
3002 840 3253 918 horum
3287 865 3654 918 censorum

618 966 1011 1043 urbanitate
1058 948 1338 1064 prorsus
1386 961 1627 1037 abesse
1647 1019 1666 1050 ‚
1715 986 1855 1036 non
1904 968 2011 1036 est
2059 960 2249 1060 quod
2294 962 2649 1037 affirmem.

713 1087 986 1163 Hortus
1042 1083 1421 1161 Botanicus
1475 1088 1549 1157 et
1601 1082 1854 1157 Musea
1900 1081 2297 1183 docentium
2340 1082 2590 1159 studiis
2633 1088 2705 1157 et
2747 1082 3202 1159 institutionis
3249 1083 3648 1185 diligentiae

616 1207 942 1281 inservire
990 1212 1312 1305 pergunt.

712 1326 911 1402 Haec
977 1324 1064 1399 de
1115 1322 1465 1398 doctrinae
1507 1322 1581 1395 in
1620 1322 1999 1397 Academia
2035 1331 2270 1397 nostra
2321 1324 2760 1400 adminiculis
2777 1383 2796 1415 ,
2849 1324 3108 1424 quibus
3145 1325 3650 1425 amplificandis

618 1446 808 1548 quod
850 1443 1223 1547 aliquando
1265 1442 1567 1519 multum
1610 1441 2051 1541 profuturum
2096 1468 2245 1517 esse
2294 1468 2686 1542 speramus,
2734 1446 3100 1521 Peculium
3139 1447 3648 1536 Professor-um,

614 1569 745 1645 hoc
783 1590 967 1642 anno
1009 1589 1173 1641 eum
1224 1564 1301 1638 in
1348 1562 1637 1638 modum
1685 1569 1970 1638 auctum
2014 1570 2120 1636 est
2134 1620 2153 1651 ‚
2204 1571 2286 1637 ut
2322 1564 2748 1663 stipendium
2782 1566 3282 1641 Academicum
3321 1568 3652 1643 constitui

613 1684 857 1788 possit.
956 1686 1115 1761 Hoc
1168 1682 1515 1783 stipendio
1572 1682 1633 1756 si
1692 1681 1960 1757 iuvenis
2016 1690 2300 1758 ornatur
2354 1684 2479 1783 qui
2533 1685 2784 1759 studiis
2847 1686 3117 1784 proficit
3169 1711 3298 1761 nec
3341 1686 3650 1790 moribus

612 1807 887 1895 deficit,
952 1804 1240 1881 habebit
1298 1802 1480 1879 Clar.
1551 1826 1683 1883 van
1732 1802 1903 1879 Han
1921 1860 1942 1891 ‚
2000 1812 2161 1878 ante
2208 1804 2335 1878 hos
2385 1805 2710 1881 undecim
2751 1829 2968 1880 annos
2985 1864 3004 1895 ,
3053 1830 3194 1881 non
3243 1831 3409 1882 sane
3454 1807 3651 1906 plau·

614 1926 943 2003 dentibus
1001 1924 1330 2001 omnibus
1350 1982 1369 2013 ,
1419 1923 1673 2023 peculii
1718 1923 2060 1999 condendi
2105 1931 2344 2000 auctor
2360 1982 2381 2015 ‚
2431 1925 2622 2025 quod
2665 1950 2794 2001 sua
2836 1926 3139 2026 gaudeat
3183 1951 3348 2003 cura
3389 1934 3460 2002 et
3499 1952 3652 2027 per-

613 2045 993 2124 severantia
1014 2104 1033 2133 ,
1094 2069 1319 2145 neque
1384 2068 1502 2119 eos
1553 2049 1679 2118 aut
1724 2044 2147 2119 Professores
2201 2051 2325 2119 aut
2379 2028 2642 2121 veteres
2692 2045 3111 2121 Academiae
3165 2046 3482 2123 alumnos
3529 2053 3653 2123 aut

610 2166 761 2265 agri
825 2163 1259 2263 Groningani
1307 2162 1490 2238 cives
1510 2221 1530 2251 ‚
1598 2187 1897 2261 quorum
1956 2165 2335 2264 splendidis
2393 2166 2592 2241 donis
2643 2174 2713 2241 et
2757 2190 2992 2241 annua
3034 2168 3394 2244 collatione
3442 2192 3652 2268 pecu-

610 2286 783 2360 lium
828 2285 1027 2360 valde
1062 2284 1275 2360 crevit
1293 2342 1313 2372 ‚
1364 2307 1529 2359 suae
1572 2283 1957 2382 poenitebit
1997 2310 2162 2386 erga
2203 2285 2381 2361 illud
2427 2286 2880 2362 liberalitatis.

707 2404 851 2481 Sed
920 2404 1117 2479 venio
1186 2404 1279 2480 ad
1342 2403 1655 2503 graviora
1678 2461 1697 2492 ‚
1772 2428 2068 2503 quorum
2135 2405 2345 2494 nihil,
2417 2414 2501 2480 ut
2568 2432 2694 2507 par
2754 2414 2901 2498 est,
2967 2408 3384 2507 anteponitis
3439 2410 3652 2485 huius

608 2524 1027 2601 Academiae
1064 2524 1291 2600 saluti.
1352 2523 1555 2599 Salva
1583 2521 1752 2599 haec
1790 2531 1897 2599 est
1928 2533 1999 2599 et
2033 2525 2256 2624 viget,
2304 2526 2622 2602 nondum
2661 2534 2896 2604 tamen
2937 2529 3132 2603 nullo
3164 2553 3209 2604 a
3237 2529 3652 2629 perfectione

612 2648 811 2722 abest
874 2644 1271 2733 intervallo;
1334 2643 1472 2721 ‚sed
1537 2644 1667 2718 hoc
1732 2651 1804 2717 et
1870 2644 2021 2743 ipsa
2090 2644 2375 2742 pulchre
2451 2646 2644 2720 novit
2711 2653 2784 2721 et
2841 2671 3082 2721 omnes
3143 2654 3400 2723 norunt
3449 2652 3656 2748 aequi

606 2790 979 2865 rerumque
1026 2764 1230 2864 periti
1284 2763 1547 2847 iudices
1564 2820 1585 2852 ,
1651 2787 1951 2861 quorum
2000 2764 2412 2840 sententiam
2458 2790 2600 2841 non
2650 2766 3194 2867 diligentissime·
3226 2769 3650 2869 perpendere

606 2896 753 2961 tam
820 2894 1025 2985 turpe
1083 2884 1219 2984 ipsi
1283 2884 1631 2959 videretur
1698 2906 1910 2982 quam
1977 2881 2167 2957 haud
2235 2882 2553 2983 ineptum
2619 2884 2957 2961 iudicaret
3014 2886 3308 2962 aliorum
3365 2888 3651 2963 vocibus

606 3005 782 3082 illud
826 2996 1205 3105 opponere:
1256 3004 1501 3105 αὐτὰρ
1551 3005 1748 3106 ἐγὼν
1793 3004 2201 3100 βασεῦμαι
2248 3004 2451 3100 ἐμάν
2499 3002 2713 3082 ὁδὸν.

704 3123 1169 3201 Vehementer
1222 3127 1611 3225 gaudemus
1633 3184 1654 3213 ‚
1716 3126 1846 3200 hoc
1894 3150 2076 3200 anno
2123 3125 2397 3200 nullum
2448 3125 2649 3200 nobis
2697 3150 2926 3224 neque
2971 3126 3377 3202 Curatorem
3431 3137 3652 3204 morte

608 3254 925 3346 ereptum
987 3271 1137 3321 esse
1200 3270 1427 3345 neque
1490 3248 1851 3320 Doctorem
1908 3245 2406 3320 Academicum
2429 3304 2447 3333 ,
2517 3245 3012 3345 discipulorum
3079 3244 3432 3322 neminem
3483 3249 3649 3324 flore

608 3367 850 3441 aetatis
916 3365 1267 3442 occidisse.
1386 3365 1802 3440 Academiae
1870 3372 2107 3442 autem
2170 3366 2669 3465 Apparitorum
2731 3367 3258 3450 honestissimus
3326 3392 3458 3444 van
3522 3369 3648 3444 der

608 3485 857 3574 Tutus,
902 3485 1103 3564 ouius
1149 3509 1273 3584 per
1313 3492 1451 3560 tres
1490 3491 1565 3558 et
1606 3485 2112 3584 quinquaginta
2161 3510 2378 3560 annos
2422 3493 2820 3586 perspectae
2867 3487 2941 3561 in
2989 3487 3192 3562 variis
3231 3488 3642 3566 muneribus

611 3612 777 3680 sunt
847 3605 1023 3680 fides
1086 3612 1159 3679 et
1222 3605 1583 3706 diligentia
1599 3663 1620 3694 ,
1692 3603 1807 3678 vix
1871 3612 2032 3678 ante
2096 3604 2184 3678 de
2246 3603 2542 3678 statione
2604 3605 2784 3681 vitae
2849 3604 3142 3680 decessit
3194 3629 3408 3706 quam
3459 3609 3650 3685 senio

610 3724 963 3802 confectus
1014 3733 1311 3802 mortem
1360 3725 1495 3800 sibi
1540 3727 1615 3799 in
1650 3724 1853 3799 -lucro
1902 3725 2235 3823 deputare
2285 3724 2554 3799 debuit.

711 3846 852 3920 Sed
904 3869 1169 3922 annum
1226 3845 1372 3920 sine
1420 3845 1615 3920 clade
1662 3851 1899 3920 nostra
1948 3851 2269 3919 exactum
2316 3869 2467 3919 esse
2487 3903 2506 3932 ,
2555 3869 2638 3919 eo
2683 3844 3038 3920 lubentius
3083 3869 3393 3922 memoro
3415 3904 3436 3935 ,
3486 3849 3652 3946 quia

614 3973 685 4039 et
728 3965 879 4040 aliis
920 3964 1201 4064 collegis
1250 3963 1573 4041 valetudo
1622 3964 1857 4038 minus
1902 3964 2265 4039 commoda
2309 3964 2447 4038 fuit
2485 3969 2557 4038 et
2605 3971 2723 4053 tu,
2774 3965 2954 4042 Clar.
2998 3991 3130 4041 van
3173 3967 3370 4042 Deen
3389 4025 3410 4055 ‚
3458 3969 3652 4065 gravi

610 4085 1043 4162 conflictatus
1094 4111 1171 4160 es
1219 4086 1480 4160 morbo.
1584 4084 1725 4158 Sed
1774 4109 1861 4158 ex
1908 4107 1991 4158 eo
2040 4107 2261 4182 quum
2310 4084 2496 4160 lente
2546 4085 2986 4160 convalueras
3005 4143 3026 4174 ,
3077 4110 3354 4160 summo
3405 4085 3646 4162 ardore

613 4207 703 4282 ad
746 4206 1259 4306 Physiologiam
1302 4211 1497 4281 tuarh
1538 4204 1839 4294 rediisti3
1888 4213 1961 4279 et
2009 4203 2215 4280 hodie
2256 4204 2566 4280 animum
2615 4204 2838 4303 pascis
2877 4205 3092 4279 trium
3135 4205 3410 4280 illorum
3451 4205 3642 4280 iuve-

614 4351 785 4402 num
856 4325 1119 4400 virtute
1138 4381 1158 4416 ,
1228 4350 1525 4425 quorum
1592 4319 2201 4401 commentationes
2254 4323 2700 4402 Quaestionis
2749 4324 3064 4400 Medicas
3082 4382 3103 4412 ‚
3164 4330 3235 4422 te
3277 4325 3350 4398 in
3401 4325 3644 4423 primis

614 4453 889 4521 auctore
935 4446 1201 4544 positae
1220 4491 1241 4534 ,
1288 4445 1697 4545 gravitatem
1744 4443 2060 4545 probant.
3571 4429 3582 4436 ’

712 4565 1002 4640 Utinam
1078 4566 1525 4665 magistratus
1594 4566 1736 4641 mei
1804 4573 2082 4666 tempus
2155 4590 2295 4640 non
2358 4571 2632 4638 tantum
2701 4562 2848 4636 sine
2915 4561 3108 4638 clade
3173 4571 3408 4639 nostra
3424 4621 3444 4654 ,
3519 4565 3642 4639 sed

618 4683 823 4759 etiam
882 4684 1031 4758 sine
1092 4683 1287 4759 luctu
1336 4691 1570 4758 nostro
1612 4682 1896 4758 fuisset!
1986 4681 2253 4758 Verum
2302 4707 2422 4758 vos
2441 4741 2460 4772 ‚
2508 4681 2958 4782 Amplissime
3007 4675 3344 4760 Wiohers'
3367 4693 3439 4760 et
3483 4684 3640 4760 Cla·

617 4803 869 4880 rissimi
957 4804 1360 4904 Muurling,
1446 4803 1845 4894 Euschede,
1928 4804 2213 4880 Numan
2292 4813 2365 4879 et
2449 4805 2732 4881 Mulder
2817 4803 2904 4877 iis
2973 4804 3196 4880 orbati
3269 4807 3434 4918 estis
3499 4808 3641 4882 sive

3107 4927 3198 4998 26
3217 4925 3258 4970 ¹*
