4766 6034
1097 653 1184 720 38
2129 593 2238 716 xF.
2323 649 2404 718 G.
2486 649 3079 718 KRIEGER

1095 857 1261 936 Non
1333 863 1440 935 est
1499 857 1618 934 illa
1638 916 1658 947 ,
1729 863 2022 934 auctore*
2070 858 2677 936 Dlarrnumcnro
2698 919 2719 950 ,
2786 855 3211 960 splendidior
3272 863 3344 932 et
3384 857 3657 957 gravior
3676 917 3701 948 ,
3767 885 3981 961 quam
4028 885 4141 937 ars

1100 1006 1317 1058 manu
1357 978 1647 1056 curandi
1683 979 2172 1078 reportaverit,
2233 980 2517 1057 victoria
2534 1040 2555 1071 ‚
2628 982 2887 1081 quippe
2932 1005 3072 1080 qua
3121 977 3517 1055 facultatem
3571 981 4135 1080 acquisiverimus

1101 1099 1668 1176 difformitatibus
1721 1099 2049 1175 medendi
2067 1158 2088 1190 ,
2152 1125 2330 1199 quae
2372 1101 2752 1200 unicuique
2795 1101 2992 1177 alteri
3036 1098 3365 1175 medendi
3403 1099 3655 1176 rationi
3701 1101 4139 1200 pertinaciter

1097 1221 1450 1296 resistunt.
1529 1219 1706 1296 oVel
1745 1244 2028 1320 corpora
2048 1278 2069 1310 ,
2123 1228 2206 1296 ut
2243 1245 2407 1296 cum
2451 1222 3057 1298 Dmrrnnnacmo
3105 1220 3387 1320 loquar,
3448 1245 3631 1318 quae
3670 1222 3987 1297 omnium
4034 1247 4137 1298 ar-

1103 1351 1354 1418 ntuum
1418 1340 1884 1417 contractione
1940 1364 2157 1440 prona
2204 1349 2401 1417 erant
2454 1340 2634 1418 facta
2680 1351 2752 1418 et
2790 1343 2882 1418 ad
2934 1351 3187 1416 terram
3234 1341 3588 1440 vergentia
3604 1399 3629 1430 ,
3680 1341 3855 1417 adeo
3900 1351 3980 1417 ut
4022 1343 4139 1417 illo

1104 1464 1329 1541 amalo
1400 1461 1644 1538 affecta
1708 1467 2058 1561 serperent
2099 1461 2451 1564 reptilium
2495 1463 2749 1552 instar,
2812 1461 2998 1537 illius
3060 1485 3191 1561 ope
3244 1469 3431 1538 recta
3484 1461 3715 1537 denuo
3764 1462 4135 1550 incedunt;

1100 1585 1466 1661 nmedetur
1505 1584 1614 1658 vel
1662 1582 1812 1658 seni
1862 1581 2246 1682 decrepit0,
2289 1583 2403 1658 cui
2446 1583 2697 1659 infanti
2746 1582 3085 1680 auxilium
3136 1580 3363 1656 afferri
3407 1606 3548 1657 non
3596 1585 3990 1681 potuerat.”

1193 1704 1569 1806 Operativa
1617 1702 2065 1802 orthopaedia
2115 1710 2282 1779 nata
2331 1712 2438 1778 est
2479 1731 2518 1779 e
2560 1703 2938 1779 tenotamia
2982 1701 3413 1810 subcutanea
3423 1737 3443 1792 ;
3492 1703 3939 1804 orthopaedia
3980 1727 4140 1778 vero

1095 1853 1182 1902 ex
1240 1852 1381 1926 quo
1450 1832 1615 1901 nata
1675 1830 1820 1914 est,
1886 1823 2143 1900 sensim
2206 1824 2603 1924 sensimque
2652 1824 2833 1900 tanti
2872 1823 3055 1898 facta
3103 1831 3209 1897 est
3256 1823 3565 1898 ambitus
3584 1881 3605 1912 ,
3668 1831 3749 1900 ut
3804 1823 4001 1900 nulla
4052 1824 4141 1898 sit

1094 1946 1275 2021 inter
1319 1948 1494 2020 fines
1538 1944 1926 2044 chirurgiae
1968 1945 2274 2044 operatio
2295 1937 2340 2034 ,’
2361 1969 2541 2044 quae
2587 1970 2741 2020 eam
2780 1945 3257 2043 aequiparare,
3320 1944 3492 2042 quin
3538 1968 3699 2019 cum
3740 1968 3823 2018 ea
3862 1967 4139 2044 compa-

1092 2067 1231 2143 rari
1274 2066 1514 2168 possit.
1615 2065 1811 2145 Quid
1852 2066 2108 2140 mirum
2153 2066 2405 2164 igitur,
2444 2065 2635 2164 quod
2664 2090 2922 2140 novum
2948 2064 3157 2139 hocce
3178 2072 3249 2138 et
3266 2065 3695 2164 praepollens
3712 2063 4138 2152 remedium,

1097 2213 1238 2288 quo
1313 2189 1848 2263 Sraomnrnaus
1918 2183 2336 2286 chirurgiam
2399 2187 2646 2262 ditavit
2702 2209 2983 2285 quoque
3054 2184 3335 2260 invento
3384 2185 3647 2285 optime
3696 2185 3991 2259 meritus
4038 2191 4143 2272 est

1092 2317 1164 2383 et
1222 2309 1309 2384 de
1371 2307 1848 2384 laborantibus
1907 2314 1978 2382 et
2033 2309 2122 2382 de
2162 2308 2448 2384 medicis
2468 2367 2487 2396 ,
2552 2309 2806 2407 plausu
2847 2307 3245 2405 laetitiaque
3287 2329 3637 2404 nusquam
3684 2329 3826 2379 non
3882 2312 3994 2380 est
4035 2329 4138 2380 re·

1087 2435 1364 2529 ceptum
1387 2488 1406 2517 ,
1472 2428 1646 2528 quid
1691 2428 1947 2502 mirum
1968 2486 1989 2517 ‚
2037 2429 2228 2527 quod
2278 2427 2913 2526 praestantissimus
2956 2427 3255 2526 quisque
3304 2426 3769 2525 maximopere
3817 2425 4139 2500 niteban-

1087 2556 1241 2639 tur,
1291 2575 1430 2625 non
1479 2555 1756 2624 tantum
1813 2555 1892 2622 ut
1935 2548 2215 2622 invento
2261 2548 2380 2622 illo
2398 2607 2417 2636 ,
2466 2549 2821 2624 occasione
2865 2547 3134 2636 oblata,
3171 2548 3565 2623 fruerentur
3584 2604 3603 2635 ,
3656 2545 3782 2621 sed
3804 2545 4023 2622 etiam
4060 2553 4140 2621 ut

1081 2671 1164 2744 in
1221 2669 1322 2744 rei
1387 2693 1604 2744 novae
1665 2674 1989 2743 naturam
2051 2668 2452 2768 indagando
2518 2676 2992 2769 penetrarent,
3062 2668 3131 2744 h.
3180 2693 3243 2744 e.
3310 2677 3391 2743 ut
3452 2674 3737 2742 nossent
3793 2667 4138 2742 actionem

1085 2787 2011 2888 anatomico-pathologicam
2038 2847 2058 2878 ,
2107 2815 2288 2888 quae
2338 2791 2790 2866 tenotomiam
2828 2775 3326 2866 subcutaneam
3380 2796 3821 2888 sequeretur;
3872 2797 3956 2862 ut
3982 2811 4135 2887 per-

1083 2910 1424 3009 spicerent
1489 2906 1909 2984 mutationes
1971 2907 2366 3007 dynamicas
2381 2970 2404 3000 ,
2466 2936 2644 3010 quae
2692 2911 2993 3010 corporis
3045 2909 3349 3008 partium
3406 2909 3811 2984 affectatum
3864 2916 4136 2984 tenoto-

1081 3028 1298 3104 miam
1345 3030 1832 3129 praecederent
1882 3036 2092 3127 atque
2147 3031 2491 3108 orirentur
2507 3090 2528 3123 ,
2591 3056 2673 3107 ea
2720 3030 2921 3109 facta.
3027 3033 3191 3109 Quo
3236 3030 3500 3104 factum
3554 3038 3701 3119 est,
3746 3037 3828 3105 ut
3880 3030 4137 3105 intelli-

1082 3157 1364 3249 geretur
1383 3210 1402 3240 ,
1448 3176 1588 3251 qua
1634 3151 1900 3227 ratione
1949 3152 2326 3228 tenotomia
2363 3160 2547 3227 esset
2576 3151 2919 3226 utendum
2946 3152 3039 3226 ad
3078 3150 3383 3225 tollenda
3434 3149 3603 3224 vitia
3648 3149 4136 3248 orthopaedica

1078 3277 1149 3344 et
1199 3279 1562 3371 appareret
1615 3271 1962 3370 quomodo
2006 3296 2246 3373 aeger,
2295 3272 2479 3348 facta
2527 3271 2945 3361 tenotomia·,
2997 3270 3250 3346 deinde
3292 3278 3476 3345 esset
3514 3270 3883 3345 curandus.
3992 3269 4135 3343 Sed

1074 3389 1380 3465 multum
1436 3391 1713 3480 aberat,
1791 3400 1871 3465 ut
1923 3416 2165 3465 omnes
2209 3392 2452 3467 eadem
2502 3392 2718 3467 animi
2764 3391 3163 3491 integritate
3212 3390 3313 3465 nil
3362 3398 3806 3490 appeterent,
3858 3388 3997 3464 nisi
4053 3396 4132 3464 ut

1075 3532 1254 3584 novo
1300 3510 1729 3609 pulchroque
1776 3510 2056 3585 invento
2103 3510 2234 3585 rite
2253 3519 2647 3587 *uterentur
2695 3520 2766 3587 et
2804 3520 3092 3587 naturae
3138 3526 3362 3586 mores
3408 3511 3899 3609 perdiscerent.

1172 3628 1392 3703 Haud
1436 3631 1640 3729 pauci
1685 3638 1881 3705 erant
1903 3690 1924 3720 ‚
1991 3631 2176 3706 mala
2223 3631 2603 3707 ambitione
2655 3632 3035 3721 stimulati,
3084 3632 3207 3730 qui
3254 3656 3432 3706 nova
3490 3639 3562 3705 ct
3590 3632 3777 3731 ipsos
3803 3630 4125 3705 incedere

1075 3745 1355 3837 semita,
1427 3774 1718 3848 eamque
1740 3808 1761 3839 ,
1825 3752 1884 3825 si
1930 3750 2080 3826 eius
2125 3751 2278 3827 fieri
2327 3760 2603 3851 posset,
2667 3752 2953 3827 reddere
3014 3752 3323 3828 latiorem
3387 3760 3458 3825 et
3500 3752 3727 3851 magis
3774 3752 4125 3826 munitam

1073 3867 1569 3946 anniterentur.
1605 3906 1625 3912 -
1675 3872 1900 3946 Suum
1960 3897 2214 3947 nomen
2275 3871 2416 3948 iam
2484 3872 2877 3973 gestiebant
2942 3872 3391 3948 coniunctum
3456 3872 3543 3945 iri
3601 3896 3763 3945 cum
3823 3871 4125 3971 gloriosa

1071 3985 1376 4062 virorum
1427 4013 1856 4065 summorum
1900 3990 2289 4080 mentione3
2361 3990 2485 4065 sed
2534 3991 2744 4067 nimis
2785 3992 3214 4092 properando
3260 3998 3331 4066 et
3375 4016 3621 4091 parum
3668 3991 4123 4091 ponderando

1072 4105 1165 4180 ad
1233 4107 1490 4184 multos
1558 4109 1938 4207 fatalesque
1985 4135 2242 4187 errores
2310 4112 2575 4213 delapsi
2637 4121 2843 4199 sunt,
2912 4112 3197 4187 historia
3256 4112 3576 4187 sectionis
3640 4112 4119 4186 musculorum

1072 4224 1350 4324 linguae
1374 4286 1394 4317 ,
1463 4253 1602 4327 qua
1663 4228 2115 4306 balbutiendo
2176 4232 2621 4307 mederentur
2640 4291 2661 4319 ,
2732 4230 3137 4329 gravissimo
3183 4238 3413 4330 potest
3463 4256 3613 4306 esse
3656 4231 4114 4319 document0,

1073 4348 1423 4443 quomodo
1487 4349 1705 4423 nimio
1765 4372 2016 4425 novam
2061 4351 2531 4427 inventionem
2577 4350 2882 4450 augendi
2931 4357 3000 4424 et
3040 4350 3466 4450 perpoliendi
3521 4351 3753 4425 studio
3818 4377 3861 4426 a
3926 4359 4119 4426 recta

1072 4464 1182 4540 via
1243 4466 1706 4543 aberraverint
1774 4494 1914 4544 non
1983 4471 2207 4546 solum
2285 4496 2503 4547 vanae
2571 4471 2827 4569 gloriae
2886 4472 3149 4546 ventosi
3210 4479 3629 4570 captatoreS,
3697 4472 3820 4547 sed
3898 4470 4113 4545 etiam

1073 4583 1202 4659 viri
1260 4585 1348 4661 de
1418 4597 1654 4665 nostra
1724 4599 1868 4664 arte
1929 4614 2364 4690 summopere
2442 4590 2693 4665 meriti.
2792 4589 3048 4665 Merito
3107 4591 3498 4691 praedicata
3555 4600 3699 4680 est,
3770 4592 4073 4666 concedo
4092 4648 4113 4679 ,

1075 4728 1253 4781 nova
1307 4708 1594 4783 tollendi
1652 4710 2002 4785 strabismi
2052 4711 2226 4786 ratio
2245 4770 2266 4801 ,
2322 4711 2541 4785 inciso
2593 4710 2794 4785 bulbi
2836 4710 3195 4801 musculo;
3260 4711 3451 4787 haud
3496 4712 3791 4811 exiguus
3838 4719 3947 4787 est
3994 4736 4111 4785 ca-

1077 4846 1288 4901 suum
1332 4850 1705 4921 numerus,
1775 4830 2034 4930 quibus
2075 4826 2512 4932 ingeniosus,
2582 4856 2794 4931 quam
2853 4832 2976 4931 qui
3021 4832 3321 4909 maxime
3342 4890 3365 4923 ,
3412 4834 4061 4912 Drnrrsnmcmus
4088 4888 4111 4917 ,
