4766 6034
1784 645 2341 737 onsrlo.
3143 737 3150 744 .
3389 645 3591 746 01&

548 859 615 932 in
686 881 921 932 rerum
980 862 1335 955 gestarum
1396 852 1851 953 descriptione
1916 865 2229 954 tempora
2294 861 2450 929 tum
2513 879 2600 928 ex
2662 837 3023 927 inscientia
3073 856 3226 926 tum
3273 877 3358 928 ex
3403 851 3584 926 iudi-

546 979 749 1054 candi
791 967 1207 1054 temeritate'
1228 973 1569 1073 permixta
1609 975 1749 1051 sint
1766 1035 1787 1065 ,
1856 1001 2064 1051 suum
2112 975 2406 1076 singulis
2449 973 2881 1073 temporibus
2921 973 3151 1048 locum
3189 979 3262 1047 et
3298 972 3596 1048 colorem

546 1101 1021 1197 rationemque
1088 1095 1435 1195 propriam
1508 1103 1579 1169 et
1646 1095 1737 1170 ab
1796 1097 1949 1172 aliis
2016 1097 2360 1172 aetatibus
2433 1095 2803 1170 discretam
2867 1087 3080 1168 tribui
3150 1092 3383 1168 iubet:
3437 1095 3592 1192 ipsa

546 1220 844 1318 denique
862 1277 883 1307 ,
946 1217 1205 1317 quippe
1258 1217 1495 1290 iuncta
1556 1217 1769 1292 aetati
1820 1217 1963 1306 illi,
2016 1243 2189 1317 qua,
2241 1241 2479 1304 novus,
2540 1216 2852 1304 aiebant,
2917 1216 3238 1292 seclorum
3290 1217 3595 1290 nascitur

544 1343 743 1428 ordo,
812 1338 1033 1414 multa
1103 1336 1267 1412 tulit
1318 1336 1519 1410 malis
1570 1337 1855 1435 quidem
1904 1338 2122 1413 mixta
2165 1338 2385 1425 bona,
2437 1336 2566 1412 sed
2617 1335 3120 1410 consuetudine
3167 1336 3422 1411 sanctis
3470 1360 3590 1436 op-

542 1458 769 1558 posita
824 1467 895 1532 et
952 1455 1207 1530 idcirco
1251 1456 1341 1530 ad
1386 1465 1691 1532 mentem
1738 1458 1921 1534 varie
1961 1458 2373 1534 movendam
2417 1479 2712 1556 eamque
2732 1515 2752 1544 ,
2801 1480 3034 1531 rerum
3083 1480 3219 1530 usu
3267 1456 3592 1531 exercita-

542 1589 688 1653 tam
713 1637 733 1666 ,
799 1576 1069 1652 facilius
1130 1576 1265 1651 alio
1327 1577 1869 1653 transferendam
1920 1579 2295 1678 aptissima.
2399 1575 2876 1652 Memorabilis
2931 1585 3038 1651 est
3093 1576 3386 1656 Quineti
3437 1601 3590 1652 sen-

542 1699 762 1774 tentia
808 1698 901 1772 de
942 1721 1175 1772 rerum
1226 1721 1361 1770 usu
1404 1697 1631 1798 deque
1676 1697 1909 1772 studio
1956 1699 2257 1773 hominis
2277 1757 2297 1786 ,
2366 1697 2674 1797 aequalis
2724 1697 2976 1786 nostri,
3025 1697 3594 1774 fructuosissimis

540 1819 631 1894 ad
694 1829 1005 1918 tempora
1061 1817 1464 1915 diligentius
1528 1818 1948 1917 exploranda
2010 1843 2053 1894 a
2110 1818 2361 1893 nostris
2411 1842 2549 1892 non
2594 1817 2804 1894 nimis
2849 1818 3075 1892 aliena
3127 1821 3229 1911 ¹);
3282 1818 3408 1892 sed
3447 1843 3592 1896 me-

540 1938 943 2014 morabilius
1000 1945 1107 2011 est
1176 1937 1575 2036 exemplum
1642 1938 2013 2012 Niebuhrii
2032 1997 2052 2026 ,
2119 1938 2281 2036 qui,
2352 1945 3006 2038 quantumcumque
3079 1937 3392 2012 doctrina
3453 1937 3596 2012 vim
3704 1988 3718 1999 -

537 2059 881 2158 promovit
938 2059 1219 2132 insitam
1238 2116 1259 2146 ,
1328 2083 1369 2131 e
1426 2058 1832 2133 muneribus
1890 2066 2123 2134 tamen
2192 2058 2492 2158 publicis
2563 2059 2988 2156 omninoque
3049 2083 3090 2132 e
3132 2055 3365 2132 schola
3415 2058 3595 2133 vitae

536 2179 857 2278 politicae
925 2178 999 2252 in
1062 2202 1226 2253 eum
1288 2178 1598 2252 Berolini
1667 2179 2025 2254 traductus
2088 2185 2197 2253 est
2250 2179 2480 2252 locum
2501 2235 2519 2266 ,
2586 2202 2798 2276 quem
2847 2178 3177 2253 continuo
3227 2179 3596 2254 luculentis

536 2299 909 2374 illustravit
955 2298 1048 2372 de
1091 2298 1486 2373 conditione
1528 2299 2003 2374 Romanorum
2043 2298 2321 2398 politica
2365 2298 2973 2396 disquisitionibus
3017 2302 3110 2391 ²).

630 2420 791 2494 Iam
856 2442 1017 2492 vero
1079 2418 1329 2494 horum
1388 2419 1703 2493 omnium
1765 2444 2103 2496 memores
2120 2477 2138 2508 ,
2210 2420 2436 2517 ipsam
2500 2419 2826 2518 spectetis
2885 2443 3143 2518 quaeso
3211 2418 3594 2493 doctrinam

537 2537 723 2614 iuste
769 2538 1203 2638 intelligendi
1247 2563 1329 2612 ea
1348 2595 1367 2626 ,
1420 2563 1599 2636 quae
1641 2539 2058 2614 aeciderunt.
2157 2539 2364 2614 Hanc
2407 2539 2594 2614 enim
2635 2539 3208 2638 Historiologiam
3251 2538 3558 2614 diximus
3573 2601 3593 2630 ,

534 2668 605 2732 et
664 2659 795 2734 has
843 2659 1271 2758 providimus
1318 2658 1795 2754 quaestiones:
1882 2663 2229 2742 Quaenam
2274 2657 2606 2734 accidisse
2627 2717 2646 2749 ,
2717 2662 2984 2760 quando
3030 2659 3200 2734 haec
3251 2659 3436 2734 iuste
3489 2659 3595 2734 in-

533 2780 759 2880 telligi
806 2805 890 2854 ea
937 2779 1249 2856 doctrina
1296 2781 1587 2854 censet?

626 2901 864 2975 Nemo
909 2906 1215 2974 vestrum
1260 2899 1334 2973 in
1373 2899 1685 2998 legendis
1720 2900 2106 3001 praecipuis
2149 2900 2237 2974 de
2278 2899 2598 2974 Historia
2636 2899 2966 2998 operib-us
2989 2901 3219 2976 locum
3249 2887 3558 2998 neglexit
3572 2958 3593 2988 ,

532 3046 747 3121 quem
806 3020 1146 3096 institutis
1211 3021 1627 3120 populorum
1686 3022 1984 3122 publicis
2042 3028 2113 3095 et
2166 3020 2453 3120 privatis
2509 3017 2834 3097 tribuunt
2894 3020 3280 3119 scriptores.
3390 3020 3590 3094 Alios

530 3142 802 3217 omitto.
906 3140 1047 3215 Sed
1103 3140 1540 3219 Schlosserus
1596 3150 1669 3216 et
1726 3142 2029 3215 Groteus
2081 3163 2293 3238 quam
2342 3136 2584 3213 diserti
2629 3138 2705 3211 in
2754 3137 2944 3213 hisce
2997 3138 3198 3212 sunt!
3272 3138 3594 3215 Quantas

528 3272 765 3361 partes
804 3262 1116 3337 moribus
1138 3320 1159 3351 ,
1209 3262 1388 3337 vitae
1434 3261 1753 3362 publicae
1772 3319 1791 3351 ,
1842 3261 2109 3335 artibus
2154 3265 2226 3333 et
2270 3256 2487 3332 literis
2529 3258 2889 3335 tribuunt!
2941 3259 3058 3333 ille
3101 3266 3336 3337 tamen
3382 3257 3592 3335 titulo

528 3383 761 3481 operis
826 3381 918 3457 ad
983 3381 1152 3457 haec
1209 3391 1569 3482 praeparat
1631 3389 2075 3481 argumenta;
2144 3379 2256 3457 hic
2320 3402 2480 3453 vero
2549 3377 2723 3454 nihil
2780 3378 2974 3455 aliud
3029 3378 3166 3452 nisi
3231 3378 3590 3455 historiam

528 3501 864 3577 Graeciae
934 3526 1009 3575 se
1076 3501 1493 3600 scripturum
1560 3526 1711 3577 esse
1778 3500 2128 3601 professus
2145 3557 2166 3587 ,
2231 3498 2530 3573 similem
2578 3498 2838 3599 requiri
2890 3506 3094 3599 putat
3142 3506 3586 3599 argumento-

524 3646 685 3697 rum
734 3621 1162 3697 varietatem.
1263 3622 1457 3699 Talia
1499 3623 1807 3722 legentes
1831 3680 1850 3710 ,
1899 3628 2113 3695 testes
2164 3618 2367 3694 nobis
2411 3617 2652 3693 audire
2699 3619 3016 3695 videmur
3065 3620 3342 3696 illorum
3361 3679 3380 3709 ,
3431 3620 3587 3721 qui-

525 3741 660 3817 bus
724 3742 940 3817 hodie
1000 3766 1169 3816 suus
1220 3748 1491 3818 constat
1533 3742 1752 3817 honos
1772 3800 1791 3830 ,
1842 3741 2235 3840 pariterque
2281 3739 2690 3837 interpretes
2741 3740 2924 3816 vocis
2954 3744 3187 3838 sacta.
3288 3741 3588 3817 Pericles

525 3861 599 3935 in
636 3863 895 3937 horum
941 3886 1231 3937 numero
1284 3870 1392 3937 est
1409 3921 1430 3951 ,
1480 3861 1923 3962 optimatium
1972 3860 2257 3935 consilia
2300 3860 2628 3959 frangens
2651 3917 2670 3949 ,
2719 3860 2978 3959 proelio
3019 3862 3380 3937 decertans
3421 3886 3586 3937 cum

528 3982 892 4081 Spartanis
912 4040 931 4071 ,
978 3981 1396 4058 industriam
1436 4006 1845 4082 promovens
1865 4040 1884 4070 ,
1932 3980 2228 4057 civitatis
2264 3978 2532 4057 reditus
2576 3980 3066 4056 administrans
3107 4007 3403 4081 eamque
3449 3983 3586 4058 sibi

526 4104 891 4178 vindicans
951 4102 1431 4179 auctoritatem
1451 4161 1472 4191 ,
1540 4112 1621 4177 ut
1679 4101 2011 4190 Athenis,
2072 4102 2226 4199 ipso
2280 4098 2708 4174 moderatore
2727 4158 2748 4188 ,
2796 4101 3078 4175 nomine
3124 4102 3539 4178 democratia
3557 4162 3580 4190 ,

523 4247 597 4295 re
654 4230 901 4297 autem
959 4221 1287 4321 principis
1352 4222 1479 4297 viri
1535 4222 1903 4323 imperium
1962 4228 2172 4295 esset:
2244 4218 2369 4293 sed
2416 4218 2713 4294 Pericles
2761 4244 2946 4320 quoq
2955 4246 3040 4299 ue
3092 4221 3230 4296 huc
3281 4222 3582 4320 pertinet

526 4346 569 4419 ὁ
626 4338 1051 4440 φιλόκαλος
1071 4402 1091 4432 ,
1160 4350 1438 4418 tantum
1487 4344 1750 4443 patriae
1798 4340 2231 4443 splendorem
2276 4338 2648 4414 concilians
2666 4396 2687 4426 ,
2738 4346 3000 4437 quanto
3041 4340 3410 4415 Musarum
3459 4340 3580 4415 illa

522 4463 725 4538 sedes
770 4462 989 4537 evasit
1029 4470 1101 4538 et
1144 4462 1517 4550 Ἑλλάδος,
1556 4462 1867 4549 ‘Ei-2029:
1922 4459 2173 4558 etipsa
2210 4456 2330 4532 illa
2368 4456 2507 4531 huc
2537 4455 2886 4556 pertinent
2921 4458 3290 4535 Musarum
3324 4482 3532 4559 opera
3553 4518 3575 4549 ,
3640 4481 3648 4489 ·

604 4741 655 4821 1)
722 4746 862 4801 Rev.
900 4744 995 4802 des
1033 4744 1171 4804 deux
1206 4744 1451 4816 mandes,
1497 4742 1617 4803 Mai
1662 4746 1836 4802 1854.

603 4838 660 4913 ²)
722 4840 1121 4900 Lebmsnachr.
1161 4858 1265 4901 von
1304 4842 1378 4899 B.
1424 4839 1493 4899 θ.
1534 4838 1815 4911 Niebuhr,
1859 4834 1967 4898 Bd.
2012 4841 2066 4896 1.
3146 4932 3185 4976 q

3045 4934 3138 5004 25
