<?xml version="1.0" encoding="UTF-8"?>
<!DOCTYPE html PUBLIC "-//W3C//DTD XHTML 1.0 Transitional//EN"
    "http://www.w3.org/TR/xhtml1/DTD/xhtml1-transitional.dtd">
<html xmlns="http://www.w3.org/1999/xhtml" xml:lang="en" lang="en">
 <head>
  <title>
</title>
<meta http-equiv="Content-Type" content="text/html;charset=utf-8" />
  <meta name='ocr-system' content='tesseract 3.04.00' />
  <meta name='ocr-capabilities' content='ocr_page ocr_carea ocr_par ocr_line ocrx_word'/>
</head>
<body>
  <div class='ocr_page' id='page_1' title='image "annalesacademic02confgoog_0594.png"; bbox 0 0 4766 6034; ppageno 0'>
   <div class='ocr_carea' id='block_1_1' title="bbox 1197 573 3049 672">
    <p class='ocr_par' dir='ltr' id='par_1_1' title="bbox 1197 573 3049 672">
     <span class='ocr_line' id='line_1_1' title="bbox 1197 573 3049 672; baseline 0.002 -15"><span class='ocrx_word' id='word_1_1' title='bbox 1197 591 1327 657; x_wconf 81' lang='lat'><strong>302</strong></span> <span class='ocrx_word' id='word_1_2' title='bbox 2321 573 2330 581; x_wconf 82' lang='lat'><strong><em>&#39;</em></strong></span> <span class='ocrx_word' id='word_1_3' title='bbox 2398 593 2469 660; x_wconf 82' lang='lat' dir='ltr'><strong>E.</strong></span> <span class='ocrx_word' id='word_1_4' title='bbox 2539 593 2595 659; x_wconf 84' lang='lat' dir='ltr'><strong>J.</strong></span> <span class='ocrx_word' id='word_1_5' title='bbox 2668 591 3049 672; x_wconf 68' lang='lat' dir='ltr'><strong>menn,</strong></span> 
     </span>
    </p>
   </div>
   <div class='ocr_carea' id='block_1_2' title="bbox 1067 797 4213 4854">
    <p class='ocr_par' dir='ltr' id='par_1_2' title="bbox 1067 797 4213 3418">
     <span class='ocr_line' id='line_1_2' title="bbox 1201 797 4188 898; baseline 0.002 -25"><span class='ocrx_word' id='word_1_6' title='bbox 1201 797 1422 874; x_wconf 89' lang='lat' dir='ltr'><strong>maior</strong></span> <span class='ocrx_word' id='word_1_7' title='bbox 1479 798 1623 874; x_wconf 89' lang='lat' dir='ltr'><strong>fere</strong></span> <span class='ocrx_word' id='word_1_8' title='bbox 1672 821 2006 874; x_wconf 88' lang='lat' dir='ltr'><strong>numerus</strong></span> <span class='ocrx_word' id='word_1_9' title='bbox 2064 797 2563 898; x_wconf 84' lang='lat' dir='ltr'><strong>discipulorum</strong></span> <span class='ocrx_word' id='word_1_10' title='bbox 2626 800 2838 876; x_wconf 89' lang='lat' dir='ltr'><strong>huius</strong></span> <span class='ocrx_word' id='word_1_11' title='bbox 2898 801 3168 878; x_wconf 88' lang='lat' dir='ltr'><strong>scholae</strong></span> <span class='ocrx_word' id='word_1_12' title='bbox 3222 799 3567 877; x_wconf 80' lang='lat' dir='ltr'><strong>incumbit</strong></span> <span class='ocrx_word' id='word_1_13' title='bbox 3585 861 3607 892; x_wconf 96' lang='lat'><strong>,</strong></span> <span class='ocrx_word' id='word_1_14' title='bbox 3653 803 3754 879; x_wconf 89' lang='lat' dir='ltr'><strong>ita</strong></span> <span class='ocrx_word' id='word_1_15' title='bbox 3800 803 3974 880; x_wconf 87' lang='lat' dir='ltr'><strong>illud</strong></span> <span class='ocrx_word' id='word_1_16' title='bbox 4014 803 4188 880; x_wconf 82' lang='lat' dir='ltr'><strong>etiem</strong></span> 
     </span>
     <span class='ocr_line' id='line_1_3' title="bbox 1201 915 4190 1024; baseline 0.001 -28"><span class='ocrx_word' id='word_1_17' title='bbox 1201 943 1515 996; x_wconf 86' lang='lat' dir='ltr'><strong>exercere</strong></span> <span class='ocrx_word' id='word_1_18' title='bbox 1579 926 1652 994; x_wconf 92' lang='lat' dir='ltr'><strong>et</strong></span> <span class='ocrx_word' id='word_1_19' title='bbox 1715 917 2019 995; x_wconf 81' lang='lat' dir='ltr'><strong>didicisti</strong></span> <span class='ocrx_word' id='word_1_20' title='bbox 2077 927 2150 993; x_wconf 90' lang='lat' dir='ltr'><strong>et</strong></span> <span class='ocrx_word' id='word_1_21' title='bbox 2209 920 2385 996; x_wconf 88' lang='lat' dir='ltr'><strong>soles</strong></span> <span class='ocrx_word' id='word_1_22' title='bbox 2402 979 2423 1009; x_wconf 95' lang='lat'><strong>,</strong></span> <span class='ocrx_word' id='word_1_23' title='bbox 2494 927 2577 996; x_wconf 90' lang='lat' dir='ltr'><strong>ut</strong></span> <span class='ocrx_word' id='word_1_24' title='bbox 2634 920 2935 998; x_wconf 87' lang='lat' dir='ltr'><strong>rationes</strong></span> <span class='ocrx_word' id='word_1_25' title='bbox 2994 922 3303 1021; x_wconf 88' lang='lat' dir='ltr'><strong>inquiras</strong></span> <span class='ocrx_word' id='word_1_26' title='bbox 3352 915 3425 998; x_wconf 85' lang='lat' dir='ltr'><strong>et</strong></span> <span class='ocrx_word' id='word_1_27' title='bbox 3470 931 3882 1024; x_wconf 88' lang='lat' dir='ltr'><strong>argumenta</strong></span> <span class='ocrx_word' id='word_1_28' title='bbox 3900 983 3923 1014; x_wconf 90' lang='lat'><strong>,</strong></span> <span class='ocrx_word' id='word_1_29' title='bbox 3968 915 4190 1024; x_wconf 83' lang='lat' dir='ltr'><strong>quibus</strong></span> 
     </span>
     <span class='ocr_line' id='line_1_4' title="bbox 1197 1029 4193 1144; baseline 0.003 -34"><span class='ocrx_word' id='word_1_30' title='bbox 1197 1063 1358 1114; x_wconf 89' lang='lat' dir='ltr'><strong>vera</strong></span> <span class='ocrx_word' id='word_1_31' title='bbox 1416 1046 1488 1113; x_wconf 87' lang='lat' dir='ltr'><strong>et</strong></span> <span class='ocrx_word' id='word_1_32' title='bbox 1543 1029 1791 1138; x_wconf 63' lang='lat' dir='ltr'><strong>aequa*</strong></span> <span class='ocrx_word' id='word_1_33' title='bbox 1841 1038 2098 1114; x_wconf 88' lang='lat' dir='ltr'><strong>iudicia</strong></span> <span class='ocrx_word' id='word_1_34' title='bbox 2145 1038 2571 1130; x_wconf 86' lang='lat' dir='ltr'><strong>innituntur,</strong></span> <span class='ocrx_word' id='word_1_35' title='bbox 2622 1040 2725 1116; x_wconf 91' lang='lat' dir='ltr'><strong>ita</strong></span> <span class='ocrx_word' id='word_1_36' title='bbox 2780 1049 2863 1116; x_wconf 98' lang='grc' dir='ltr'><strong>ιιι</strong></span> <span class='ocrx_word' id='word_1_37' title='bbox 2912 1042 3186 1118; x_wconf 91' lang='lat' dir='ltr'><strong>nullum</strong></span> <span class='ocrx_word' id='word_1_38' title='bbox 3246 1041 3389 1118; x_wconf 89' lang='lat' dir='ltr'><strong>iam</strong></span> <span class='ocrx_word' id='word_1_39' title='bbox 3436 1044 3529 1118; x_wconf 87' lang='lat' dir='ltr'><strong>sit</strong></span> <span class='ocrx_word' id='word_1_40' title='bbox 3580 1044 3966 1144; x_wconf 89' lang='lat' dir='ltr'><strong>periculum</strong></span> <span class='ocrx_word' id='word_1_41' title='bbox 3984 1103 4003 1132; x_wconf 90' lang='lat'>‚</span> <span class='ocrx_word' id='word_1_42' title='bbox 4054 1053 4193 1119; x_wconf 86' lang='lat' dir='ltr'><strong>uta</strong></span> 
     </span>
     <span class='ocr_line' id='line_1_5' title="bbox 1197 1158 4193 1262; baseline 0.002 -30"><span class='ocrx_word' id='word_1_43' title='bbox 1197 1158 1429 1234; x_wconf 86' lang='lat' dir='ltr'><strong>nescio</strong></span> <span class='ocrx_word' id='word_1_44' title='bbox 1495 1167 1604 1248; x_wconf 87' lang='lat' dir='ltr'><strong>te,</strong></span> <span class='ocrx_word' id='word_1_45' title='bbox 1671 1159 1782 1234; x_wconf 85' lang='lat' dir='ltr'><strong>vel</strong></span> <span class='ocrx_word' id='word_1_46' title='bbox 1843 1158 2164 1259; x_wconf 88' lang='lat' dir='ltr'><strong>imperito</strong></span> <span class='ocrx_word' id='word_1_47' title='bbox 2186 1216 2207 1248; x_wconf 88' lang='lat'><strong>,</strong></span> <span class='ocrx_word' id='word_1_48' title='bbox 2271 1159 2381 1234; x_wconf 84' lang='lat' dir='ltr'><strong>vel</strong></span> <span class='ocrx_word' id='word_1_49' title='bbox 2443 1159 2743 1259; x_wconf 89' lang='lat' dir='ltr'><strong>denique</strong></span> <span class='ocrx_word' id='word_1_50' title='bbox 2802 1161 3245 1262; x_wconf 78' lang='lat' dir='ltr'><strong>imprudente</strong></span> <span class='ocrx_word' id='word_1_51' title='bbox 3293 1163 3418 1239; x_wconf 87' lang='lat' dir='ltr'><strong>fiat</strong></span> <span class='ocrx_word' id='word_1_52' title='bbox 3475 1164 3565 1240; x_wconf 91' lang='lat' dir='ltr'><strong>de</strong></span> <span class='ocrx_word' id='word_1_53' title='bbox 3608 1164 3811 1240; x_wconf 86' lang='lat' dir='ltr'><strong>nobis</strong></span> <span class='ocrx_word' id='word_1_54' title='bbox 3856 1163 4193 1251; x_wconf 87' lang='lat' dir='ltr'><strong>iudicium,</strong></span> 
     </span>
     <span class='ocr_line' id='line_1_6' title="bbox 1080 1277 4193 1380; baseline 0.001 -26"><span class='ocrx_word' id='word_1_55' title='bbox 1080 1283 1096 1297; x_wconf 73' lang='lat'>⁶</span> <span class='ocrx_word' id='word_1_56' title='bbox 1197 1303 1280 1354; x_wconf 90' lang='lat' dir='ltr'><strong>eo</strong></span> <span class='ocrx_word' id='word_1_57' title='bbox 1323 1279 1560 1354; x_wconf 88' lang='lat' dir='ltr'><strong>minus</strong></span> <span class='ocrx_word' id='word_1_58' title='bbox 1578 1337 1600 1368; x_wconf 96' lang='lat'><strong>,</strong></span> <span class='ocrx_word' id='word_1_59' title='bbox 1658 1279 1848 1379; x_wconf 91' lang='lat' dir='ltr'><strong>quod</strong></span> <span class='ocrx_word' id='word_1_60' title='bbox 1889 1277 2023 1353; x_wconf 85' lang='lat' dir='ltr'><strong>tibi</strong></span> <span class='ocrx_word' id='word_1_61' title='bbox 2066 1301 2326 1353; x_wconf 89' lang='lat' dir='ltr'><strong>munus</strong></span> <span class='ocrx_word' id='word_1_62' title='bbox 2365 1277 2621 1354; x_wconf 79' lang='lat' dir='ltr'><strong>diserte</strong></span> <span class='ocrx_word' id='word_1_63' title='bbox 2668 1279 2761 1354; x_wconf 90' lang='lat' dir='ltr'><strong>sit</strong></span> <span class='ocrx_word' id='word_1_64' title='bbox 2812 1281 3145 1356; x_wconf 86' lang='lat' dir='ltr'><strong>traditum</strong></span> <span class='ocrx_word' id='word_1_65' title='bbox 3170 1339 3189 1369; x_wconf 95' lang='lat'><strong>,</strong></span> <span class='ocrx_word' id='word_1_66' title='bbox 3239 1287 3323 1356; x_wconf 90' lang='lat' dir='ltr'><strong>ut</strong></span> <span class='ocrx_word' id='word_1_67' title='bbox 3363 1281 3708 1357; x_wconf 83' lang='lat' dir='ltr'><strong>Athenaei</strong></span> <span class='ocrx_word' id='word_1_68' title='bbox 3752 1281 3900 1370; x_wconf 88' lang='lat' dir='ltr'><strong>tui,</strong></span> <span class='ocrx_word' id='word_1_69' title='bbox 3956 1281 4193 1380; x_wconf 81' lang='lat' dir='ltr'><strong>iamque</strong></span> 
     </span>
     <span class='ocr_line' id='line_1_7' title="bbox 1195 1398 4192 1500; baseline 0 -24"><span class='ocrx_word' id='word_1_70' title='bbox 1195 1399 1335 1476; x_wconf 91' lang='lat' dir='ltr'><strong>mei</strong></span> <span class='ocrx_word' id='word_1_71' title='bbox 1403 1399 1612 1474; x_wconf 90' lang='lat' dir='ltr'><strong>etiam</strong></span> <span class='ocrx_word' id='word_1_72' title='bbox 1634 1456 1657 1489; x_wconf 91' lang='lat'><strong>,</strong></span> <span class='ocrx_word' id='word_1_73' title='bbox 1717 1398 2098 1475; x_wconf 88' lang='lat' dir='ltr'><strong>commodis</strong></span> <span class='ocrx_word' id='word_1_74' title='bbox 2156 1398 2553 1498; x_wconf 69' lang='lat' dir='ltr'><strong>prospicias.</strong></span> <span class='ocrx_word' id='word_1_75' title='bbox 2669 1400 3000 1499; x_wconf 89' lang='lat' dir='ltr'><strong>Aequum</strong></span> <span class='ocrx_word' id='word_1_76' title='bbox 3046 1399 3263 1500; x_wconf 89' lang='lat' dir='ltr'><strong>igitur</strong></span> <span class='ocrx_word' id='word_1_77' title='bbox 3306 1409 3388 1477; x_wconf 90' lang='lat' dir='ltr'><strong>ut</strong></span> <span class='ocrx_word' id='word_1_78' title='bbox 3440 1401 3887 1490; x_wconf 83' lang='lat' dir='ltr'><strong>benevolum·</strong></span> <span class='ocrx_word' id='word_1_79' title='bbox 3906 1408 3977 1477; x_wconf 87' lang='lat' dir='ltr'><strong>te</strong></span> <span class='ocrx_word' id='word_1_80' title='bbox 4016 1400 4192 1476; x_wconf 85' lang='lat' dir='ltr'><strong>habe·</strong></span> 
     </span>
     <span class='ocr_line' id='line_1_8' title="bbox 1189 1519 4199 1622; baseline 0.001 -28"><span class='ocrx_word' id='word_1_81' title='bbox 1189 1543 1354 1595; x_wconf 90' lang='lat' dir='ltr'><strong>mus</strong></span> <span class='ocrx_word' id='word_1_82' title='bbox 1418 1519 1718 1596; x_wconf 91' lang='lat' dir='ltr'><strong>iudicem</strong></span> <span class='ocrx_word' id='word_1_83' title='bbox 1741 1578 1762 1610; x_wconf 95' lang='lat'><strong>,</strong></span> <span class='ocrx_word' id='word_1_84' title='bbox 1833 1526 1905 1594; x_wconf 92' lang='lat' dir='ltr'><strong>et</strong></span> <span class='ocrx_word' id='word_1_85' title='bbox 1969 1519 2094 1618; x_wconf 91' lang='lat' dir='ltr'><strong>qui</strong></span> <span class='ocrx_word' id='word_1_86' title='bbox 2161 1519 2252 1594; x_wconf 88' lang='lat' dir='ltr'><strong>ab</strong></span> <span class='ocrx_word' id='word_1_87' title='bbox 2321 1519 2516 1594; x_wconf 88' lang='lat' dir='ltr'><strong>omni</strong></span> <span class='ocrx_word' id='word_1_88' title='bbox 2574 1526 2770 1618; x_wconf 86' lang='lat' dir='ltr'><strong>parte</strong></span> <span class='ocrx_word' id='word_1_89' title='bbox 2830 1520 3117 1596; x_wconf 85' lang='lat' dir='ltr'><strong>mirifice</strong></span> <span class='ocrx_word' id='word_1_90' title='bbox 3175 1521 3521 1599; x_wconf 76' lang='lat' dir='ltr'><strong>adiuveris</strong></span> <span class='ocrx_word' id='word_1_91' title='bbox 3540 1581 3563 1612; x_wconf 92' lang='lat'><strong>,</strong></span> <span class='ocrx_word' id='word_1_92' title='bbox 3616 1530 3697 1597; x_wconf 90' lang='lat' dir='ltr'><strong>ut</strong></span> <span class='ocrx_word' id='word_1_93' title='bbox 3742 1546 3905 1599; x_wconf 84' lang='lat' dir='ltr'><strong>vera</strong></span> <span class='ocrx_word' id='word_1_94' title='bbox 3956 1520 4199 1622; x_wconf 83' lang='lat' dir='ltr'><strong>ingenio</strong></span> 
     </span>
     <span class='ocr_line' id='line_1_9' title="bbox 1193 1638 4197 1741; baseline 0.001 -29"><span class='ocrx_word' id='word_1_95' title='bbox 1193 1638 1650 1716; x_wconf 84' lang='lat' dir='ltr'><strong>subnascatur</strong></span> <span class='ocrx_word' id='word_1_96' title='bbox 1693 1663 1926 1714; x_wconf 90' lang='lat' dir='ltr'><strong>rerum</strong></span> <span class='ocrx_word' id='word_1_97' title='bbox 1973 1640 2228 1738; x_wconf 79' lang='lat' dir='ltr'><strong>imago,</strong></span> <span class='ocrx_word' id='word_1_98' title='bbox 2329 1639 2661 1729; x_wconf 90' lang='lat' dir='ltr'><strong>Accedit,</strong></span> <span class='ocrx_word' id='word_1_99' title='bbox 2708 1640 2899 1740; x_wconf 92' lang='lat' dir='ltr'><strong>quod</strong></span> <span class='ocrx_word' id='word_1_100' title='bbox 2948 1665 3303 1717; x_wconf 89' lang='lat' dir='ltr'><strong>summum</strong></span> <span class='ocrx_word' id='word_1_101' title='bbox 3354 1648 3498 1730; x_wconf 89' lang='lat' dir='ltr'><strong>est,</strong></span> <span class='ocrx_word' id='word_1_102' title='bbox 3541 1665 3771 1741; x_wconf 90' lang='lat' dir='ltr'><strong>neque</strong></span> <span class='ocrx_word' id='word_1_103' title='bbox 3818 1641 4017 1718; x_wconf 81' lang='lat' dir='ltr'><strong>facile</strong></span> <span class='ocrx_word' id='word_1_104' title='bbox 4062 1665 4197 1717; x_wconf 88' lang='lat' dir='ltr'><strong>con-</strong></span> 
     </span>
     <span class='ocr_line' id='line_1_10' title="bbox 1188 1757 4200 1858; baseline 0 -26"><span class='ocrx_word' id='word_1_105' title='bbox 1188 1759 1508 1835; x_wconf 90' lang='lat' dir='ltr'><strong>iunctum</strong></span> <span class='ocrx_word' id='word_1_106' title='bbox 1577 1760 1651 1834; x_wconf 92' lang='lat' dir='ltr'><strong>in</strong></span> <span class='ocrx_word' id='word_1_107' title='bbox 1717 1760 1962 1834; x_wconf 89' lang='lat' dir='ltr'><strong>eodem</strong></span> <span class='ocrx_word' id='word_1_108' title='bbox 2027 1759 2307 1834; x_wconf 90' lang='lat' dir='ltr'><strong>homine</strong></span> <span class='ocrx_word' id='word_1_109' title='bbox 2373 1759 2751 1858; x_wconf 82' lang='lat' dir='ltr'><strong>reperitur.‘</strong></span> <span class='ocrx_word' id='word_1_110' title='bbox 2845 1758 3049 1834; x_wconf 88' lang='lat' dir='ltr'><strong>Idem</strong></span> <span class='ocrx_word' id='word_1_111' title='bbox 3112 1759 3237 1858; x_wconf 91' lang='lat' dir='ltr'><strong>qui</strong></span> <span class='ocrx_word' id='word_1_112' title='bbox 3285 1757 3421 1834; x_wconf 88' lang='lat' dir='ltr'><strong>iuri</strong></span> <span class='ocrx_word' id='word_1_113' title='bbox 3478 1759 3783 1836; x_wconf 88' lang='lat' dir='ltr'><strong>dicundo</strong></span> <span class='ocrx_word' id='word_1_114' title='bbox 3840 1759 4103 1836; x_wconf 88' lang='lat' dir='ltr'><strong>dudum</strong></span> <span class='ocrx_word' id='word_1_115' title='bbox 4144 1767 4200 1834; x_wconf 87' lang='lat' dir='ltr'><strong>et</strong></span> 
     </span>
     <span class='ocr_line' id='line_1_11' title="bbox 1187 1878 4201 1977; baseline 0.001 -25"><span class='ocrx_word' id='word_1_116' title='bbox 1187 1879 1586 1954; x_wconf 79' lang='lat' dir='ltr'><strong>etiamnunc</strong></span> <span class='ocrx_word' id='word_1_117' title='bbox 1650 1903 1890 1977; x_wconf 87' lang='lat' dir='ltr'><strong>praees</strong></span> <span class='ocrx_word' id='word_1_118' title='bbox 1907 1938 1928 1970; x_wconf 95' lang='lat'><strong>,</strong></span> <span class='ocrx_word' id='word_1_119' title='bbox 1979 1887 2052 1954; x_wconf 89' lang='lat' dir='ltr'><strong>et</strong></span> <span class='ocrx_word' id='word_1_120' title='bbox 2099 1878 2481 1954; x_wconf 87' lang='lat' dir='ltr'><strong>iuventutis</strong></span> <span class='ocrx_word' id='word_1_121' title='bbox 2538 1879 3049 1956; x_wconf 86' lang='lat' dir='ltr'><strong>institutionem</strong></span> <span class='ocrx_word' id='word_1_122' title='bbox 3109 1878 3487 1954; x_wconf 86' lang='lat' dir='ltr'><strong>moderaris</strong></span> <span class='ocrx_word' id='word_1_123' title='bbox 3504 1937 3525 1968; x_wconf 91' lang='lat'>‚</span> <span class='ocrx_word' id='word_1_124' title='bbox 3584 1904 3727 1954; x_wconf 89' lang='lat' dir='ltr'><strong>non</strong></span> <span class='ocrx_word' id='word_1_125' title='bbox 3778 1880 3971 1956; x_wconf 88' lang='lat' dir='ltr'><strong>hisce</strong></span> <span class='ocrx_word' id='word_1_126' title='bbox 4012 1879 4201 1956; x_wconf 88' lang='lat' dir='ltr'><strong>inclu-</strong></span> 
     </span>
     <span class='ocr_line' id='line_1_12' title="bbox 1189 1998 4203 2100; baseline 0.001 -28"><span class='ocrx_word' id='word_1_127' title='bbox 1189 1998 1374 2073; x_wconf 86' lang='lat' dir='ltr'><strong>deris</strong></span> <span class='ocrx_word' id='word_1_128' title='bbox 1422 1999 1763 2099; x_wconf 88' lang='lat' dir='ltr'><strong>angustiis</strong></span> <span class='ocrx_word' id='word_1_129' title='bbox 1783 2057 1804 2089; x_wconf 88' lang='lat'><strong>,</strong></span> <span class='ocrx_word' id='word_1_130' title='bbox 1859 1999 1920 2074; x_wconf 87' lang='lat' dir='ltr'><strong>si</strong></span> <span class='ocrx_word' id='word_1_131' title='bbox 1979 2024 2096 2074; x_wconf 91' lang='lat' dir='ltr'><strong>eas</strong></span> <span class='ocrx_word' id='word_1_132' title='bbox 2145 1998 2235 2074; x_wconf 89' lang='lat' dir='ltr'><strong>ad</strong></span> <span class='ocrx_word' id='word_1_133' title='bbox 2285 2007 2353 2074; x_wconf 90' lang='lat' dir='ltr'><strong>te</strong></span> <span class='ocrx_word' id='word_1_134' title='bbox 2410 2000 2755 2100; x_wconf 85' lang='lat' dir='ltr'><strong>exigimus</strong></span> <span class='ocrx_word' id='word_1_135' title='bbox 2773 2058 2794 2089; x_wconf 93' lang='lat'><strong>,</strong></span> <span class='ocrx_word' id='word_1_136' title='bbox 2850 2000 3011 2076; x_wconf 87' lang='lat' dir='ltr'><strong>licet</strong></span> <span class='ocrx_word' id='word_1_137' title='bbox 3070 1999 3235 2075; x_wconf 88' lang='lat' dir='ltr'><strong>satis</strong></span> <span class='ocrx_word' id='word_1_138' title='bbox 3288 2000 3559 2098; x_wconf 78' lang='lat' dir='ltr'><strong>amplae</strong></span> <span class='ocrx_word' id='word_1_139' title='bbox 3610 2000 3981 2076; x_wconf 87' lang='lat' dir='ltr'><strong>videantur</strong></span> <span class='ocrx_word' id='word_1_140' title='bbox 4022 2023 4203 2100; x_wconf 85' lang='lat' dir='ltr'><strong>quam</strong></span> 
     </span>
     <span class='ocr_line' id='line_1_13' title="bbox 1185 2105 4207 2219; baseline 0 -27"><span class='ocrx_word' id='word_1_141' title='bbox 1185 2117 1522 2216; x_wconf 84' lang='lat' dir='ltr'><strong>plurimis.</strong></span> <span class='ocrx_word' id='word_1_142' title='bbox 1623 2117 1781 2193; x_wconf 81' lang='lat' dir='ltr'><strong>Tibi</strong></span> <span class='ocrx_word' id='word_1_143' title='bbox 1837 2119 2167 2219; x_wconf 87' lang='lat' dir='ltr'><strong>contigit,</strong></span> <span class='ocrx_word' id='word_1_144' title='bbox 2237 2129 2316 2194; x_wconf 92' lang='lat' dir='ltr'><strong>ut</strong></span> <span class='ocrx_word' id='word_1_145' title='bbox 2361 2142 2594 2196; x_wconf 90' lang='lat' dir='ltr'><strong>rerum</strong></span> <span class='ocrx_word' id='word_1_146' title='bbox 2656 2120 2985 2197; x_wconf 86' lang='lat' dir='ltr'><strong>notitiam</strong></span> <span class='ocrx_word' id='word_1_147' title='bbox 3030 2127 3103 2194; x_wconf 91' lang='lat' dir='ltr'><strong>et</strong></span> <span class='ocrx_word' id='word_1_148' title='bbox 3154 2105 3450 2195; x_wconf 85' lang='lat' dir='ltr'><strong>civitatis</strong></span> <span class='ocrx_word' id='word_1_149' title='bbox 3503 2119 3819 2218; x_wconf 88' lang='lat' dir='ltr'><strong>regimen</strong></span> <span class='ocrx_word' id='word_1_150' title='bbox 3868 2118 4111 2195; x_wconf 87' lang='lat' dir='ltr'><strong>videris</strong></span> <span class='ocrx_word' id='word_1_151' title='bbox 4148 2126 4207 2192; x_wconf 87' lang='lat' dir='ltr'><strong>et</strong></span> 
     </span>
     <span class='ocr_line' id='line_1_14' title="bbox 1183 2223 4207 2340; baseline -0 -27"><span class='ocrx_word' id='word_1_152' title='bbox 1183 2238 1398 2336; x_wconf 89' lang='lat' dir='ltr'><strong>probe</strong></span> <span class='ocrx_word' id='word_1_153' title='bbox 1441 2239 1757 2339; x_wconf 90' lang='lat' dir='ltr'><strong>cognoris</strong></span> <span class='ocrx_word' id='word_1_154' title='bbox 1772 2299 1792 2330; x_wconf 93' lang='lat'><strong>,</strong></span> <span class='ocrx_word' id='word_1_155' title='bbox 1835 2247 1916 2315; x_wconf 83' lang='lat' dir='ltr'><strong>ut</strong></span> <span class='ocrx_word' id='word_1_156' title='bbox 1955 2240 2323 2316; x_wconf 89' lang='lat' dir='ltr'><strong>coniuncta</strong></span> <span class='ocrx_word' id='word_1_157' title='bbox 2369 2263 2610 2316; x_wconf 90' lang='lat' dir='ltr'><strong>cernas</strong></span> <span class='ocrx_word' id='word_1_158' title='bbox 2672 2241 2875 2340; x_wconf 88' lang='lat' dir='ltr'><strong>quasi</strong></span> <span class='ocrx_word' id='word_1_159' title='bbox 2926 2266 3012 2315; x_wconf 85' lang='lat' dir='ltr'><strong>ex</strong></span> <span class='ocrx_word' id='word_1_160' title='bbox 3076 2239 3215 2314; x_wconf 87' lang='lat' dir='ltr'><strong>alto</strong></span> <span class='ocrx_word' id='word_1_161' title='bbox 3231 2297 3252 2328; x_wconf 91' lang='lat'><strong>,</strong></span> <span class='ocrx_word' id='word_1_162' title='bbox 3317 2223 3799 2338; x_wconf 83' lang='lat' dir='ltr'><strong>quaecumque</strong></span> <span class='ocrx_word' id='word_1_163' title='bbox 3844 2248 3923 2314; x_wconf 87' lang='lat' dir='ltr'><strong>et</strong></span> <span class='ocrx_word' id='word_1_164' title='bbox 3981 2239 4053 2314; x_wconf 92' lang='lat' dir='ltr'><strong>in</strong></span> <span class='ocrx_word' id='word_1_165' title='bbox 4096 2238 4207 2312; x_wconf 86' lang='lat' dir='ltr'><strong>hoc</strong></span> 
     </span>
     <span class='ocr_line' id='line_1_15' title="bbox 1181 2358 4207 2460; baseline 0 -29"><span class='ocrx_word' id='word_1_166' title='bbox 1181 2359 1439 2458; x_wconf 88' lang='lat' dir='ltr'><strong>oppido</strong></span> <span class='ocrx_word' id='word_1_167' title='bbox 1491 2368 1562 2434; x_wconf 89' lang='lat' dir='ltr'><strong>et</strong></span> <span class='ocrx_word' id='word_1_168' title='bbox 1609 2360 1682 2433; x_wconf 93' lang='lat' dir='ltr'><strong>in</strong></span> <span class='ocrx_word' id='word_1_169' title='bbox 1733 2359 2050 2436; x_wconf 85' lang='lat' dir='ltr'><strong>universa</strong></span> <span class='ocrx_word' id='word_1_170' title='bbox 2091 2360 2316 2460; x_wconf 88' lang='lat' dir='ltr'><strong>patria</strong></span> <span class='ocrx_word' id='word_1_171' title='bbox 2361 2369 2597 2436; x_wconf 88' lang='lat' dir='ltr'><strong>nostra</strong></span> <span class='ocrx_word' id='word_1_172' title='bbox 2640 2360 2782 2435; x_wconf 87' lang='lat' dir='ltr'><strong>sive</strong></span> <span class='ocrx_word' id='word_1_173' title='bbox 2829 2359 3105 2460; x_wconf 90' lang='lat' dir='ltr'><strong>legibus</strong></span> <span class='ocrx_word' id='word_1_174' title='bbox 3158 2360 3301 2434; x_wconf 86' lang='lat' dir='ltr'><strong>sive</strong></span> <span class='ocrx_word' id='word_1_175' title='bbox 3348 2383 3472 2458; x_wconf 90' lang='lat' dir='ltr'><strong>pro</strong></span> <span class='ocrx_word' id='word_1_176' title='bbox 3518 2359 3811 2457; x_wconf 89' lang='lat' dir='ltr'><strong>imperio</strong></span> <span class='ocrx_word' id='word_1_177' title='bbox 3852 2358 4207 2434; x_wconf 80' lang='lat' dir='ltr'><strong>constituta</strong></span> 
     </span>
     <span class='ocr_line' id='line_1_16' title="bbox 1179 2477 4211 2578; baseline 0 -26"><span class='ocrx_word' id='word_1_178' title='bbox 1179 2481 1390 2567; x_wconf 89' lang='lat' dir='ltr'><strong>fiant;</strong></span> <span class='ocrx_word' id='word_1_179' title='bbox 1437 2505 1673 2556; x_wconf 89' lang='lat' dir='ltr'><strong>cernas</strong></span> <span class='ocrx_word' id='word_1_180' title='bbox 1723 2489 1960 2556; x_wconf 88' lang='lat' dir='ltr'><strong>autem</strong></span> <span class='ocrx_word' id='word_1_181' title='bbox 2011 2481 2116 2556; x_wconf 85' lang='lat' dir='ltr'><strong>v&#39;el</strong></span> <span class='ocrx_word' id='word_1_182' title='bbox 2161 2481 2328 2556; x_wconf 92' lang='lat' dir='ltr'><strong>olim</strong></span> <span class='ocrx_word' id='word_1_183' title='bbox 2375 2480 2857 2557; x_wconf 85' lang='lat' dir='ltr'><strong>diiudicaveris</strong></span> <span class='ocrx_word' id='word_1_184' title='bbox 2900 2480 3041 2560; x_wconf 85' lang='lat' dir='ltr'><strong>fere</strong></span> <span class='ocrx_word' id='word_1_185' title='bbox 3084 2479 3411 2555; x_wconf 87' lang='lat' dir='ltr'><strong>omnibus</strong></span> <span class='ocrx_word' id='word_1_186' title='bbox 3454 2479 3611 2553; x_wconf 86' lang='lat' dir='ltr'><strong>istis</strong></span> <span class='ocrx_word' id='word_1_187' title='bbox 3652 2479 3883 2554; x_wconf 85' lang='lat' dir='ltr'><strong>modis</strong></span> <span class='ocrx_word' id='word_1_188' title='bbox 3928 2487 4001 2554; x_wconf 88' lang='lat' dir='ltr'><strong>et</strong></span> <span class='ocrx_word' id='word_1_189' title='bbox 4036 2477 4211 2578; x_wconf 85' lang='lat' dir='ltr'><strong>quasi</strong></span> 
     </span>
     <span class='ocr_line' id='line_1_17' title="bbox 1179 2597 4210 2700; baseline -0 -28"><span class='ocrx_word' id='word_1_190' title='bbox 1179 2625 1218 2672; x_wconf 92' lang='lat' dir='ltr'><strong>e</strong></span> <span class='ocrx_word' id='word_1_191' title='bbox 1267 2600 1535 2675; x_wconf 89' lang='lat' dir='ltr'><strong>cunctis</strong></span> <span class='ocrx_word' id='word_1_192' title='bbox 1579 2599 1716 2675; x_wconf 91' lang='lat' dir='ltr'><strong>illis</strong></span> <span class='ocrx_word' id='word_1_193' title='bbox 1761 2601 1926 2676; x_wconf 91' lang='lat' dir='ltr'><strong>locis</strong></span> <span class='ocrx_word' id='word_1_194' title='bbox 1985 2609 2064 2676; x_wconf 79' lang='lat' dir='ltr'><strong>et·</strong></span> <span class='ocrx_word' id='word_1_195' title='bbox 2105 2600 2489 2676; x_wconf 87' lang='lat' dir='ltr'><strong>rationibus</strong></span> <span class='ocrx_word' id='word_1_196' title='bbox 2508 2659 2529 2690; x_wconf 92' lang='lat'><strong>,</strong></span> <span class='ocrx_word' id='word_1_197' title='bbox 2589 2626 2766 2700; x_wconf 91' lang='lat' dir='ltr'><strong>quas</strong></span> <span class='ocrx_word' id='word_1_198' title='bbox 2824 2625 2946 2700; x_wconf 90' lang='lat' dir='ltr'><strong>per</strong></span> <span class='ocrx_word' id='word_1_199' title='bbox 3010 2601 3299 2700; x_wconf 88' lang='lat' dir='ltr'><strong>longum</strong></span> <span class='ocrx_word' id='word_1_200' title='bbox 3348 2599 3490 2674; x_wconf 89' lang='lat' dir='ltr'><strong>iam</strong></span> <span class='ocrx_word' id='word_1_201' title='bbox 3538 2621 3797 2674; x_wconf 86' lang='lat' dir='ltr'><strong>aevum</strong></span> <span class='ocrx_word' id='word_1_202' title='bbox 3847 2597 4210 2675; x_wconf 81' lang='lat' dir='ltr'><strong>acutissimi</strong></span> 
     </span>
     <span class='ocr_line' id='line_1_18' title="bbox 1181 2716 4209 2820; baseline 0 -31"><span class='ocrx_word' id='word_1_203' title='bbox 1181 2716 1495 2792; x_wconf 86' lang='lat' dir='ltr'><strong>homines</strong></span> <span class='ocrx_word' id='word_1_204' title='bbox 1554 2719 2071 2818; x_wconf 84' lang='lat' dir='ltr'><strong>excogitarunt,</strong></span> <span class='ocrx_word' id='word_1_205' title='bbox 2137 2726 2218 2794; x_wconf 89' lang='lat' dir='ltr'><strong>ut</strong></span> <span class='ocrx_word' id='word_1_206' title='bbox 2265 2743 2523 2796; x_wconf 88' lang='lat' dir='ltr'><strong>novam</strong></span> <span class='ocrx_word' id='word_1_207' title='bbox 2586 2726 2657 2794; x_wconf 91' lang='lat' dir='ltr'><strong>et</strong></span> <span class='ocrx_word' id='word_1_208' title='bbox 2706 2721 2963 2796; x_wconf 87' lang='lat' dir='ltr'><strong>variam</strong></span> <span class='ocrx_word' id='word_1_209' title='bbox 3017 2719 3484 2818; x_wconf 85' lang='lat' dir='ltr'><strong>cognitionem</strong></span> <span class='ocrx_word' id='word_1_210' title='bbox 3520 2718 4073 2820; x_wconf 18' lang='lat' dir='ltr'><strong>*magistratibus</strong></span> <span class='ocrx_word' id='word_1_211' title='bbox 4128 2717 4209 2791; x_wconf 88' lang='lat' dir='ltr'><strong>le·</strong></span> 
     </span>
     <span class='ocr_line' id='line_1_19' title="bbox 1179 2835 4210 2939; baseline 0.001 -30"><span class='ocrx_word' id='word_1_212' title='bbox 1179 2859 1492 2934; x_wconf 89' lang='lat' dir='ltr'><strong>gumque</strong></span> <span class='ocrx_word' id='word_1_213' title='bbox 1531 2835 1866 2914; x_wconf 82' lang='lat' dir='ltr'><strong>latoribus</strong></span> <span class='ocrx_word' id='word_1_214' title='bbox 1913 2838 2287 2929; x_wconf 90' lang='lat' dir='ltr'><strong>adderent,</strong></span> <span class='ocrx_word' id='word_1_215' title='bbox 2333 2847 2407 2914; x_wconf 91' lang='lat' dir='ltr'><strong>et</strong></span> <span class='ocrx_word' id='word_1_216' title='bbox 2447 2840 2657 2915; x_wconf 87' lang='lat' dir='ltr'><strong>rebus</strong></span> <span class='ocrx_word' id='word_1_217' title='bbox 2706 2839 2913 2938; x_wconf 89' lang='lat' dir='ltr'><strong>ipsis,</strong></span> <span class='ocrx_word' id='word_1_218' title='bbox 2954 2846 3027 2916; x_wconf 91' lang='lat' dir='ltr'><strong>et</strong></span> <span class='ocrx_word' id='word_1_219' title='bbox 3068 2839 3335 2915; x_wconf 89' lang='lat' dir='ltr'><strong>civibus</strong></span> <span class='ocrx_word' id='word_1_220' title='bbox 3353 2897 3374 2928; x_wconf 91' lang='lat'><strong>,</strong></span> <span class='ocrx_word' id='word_1_221' title='bbox 3416 2846 3489 2914; x_wconf 91' lang='lat' dir='ltr'><strong>et</strong></span> <span class='ocrx_word' id='word_1_222' title='bbox 3532 2839 3931 2914; x_wconf 85' lang='lat' dir='ltr'><strong>carissimae</strong></span> <span class='ocrx_word' id='word_1_223' title='bbox 3974 2837 4210 2939; x_wconf 80' lang='lat' dir='ltr'><strong>patriae</strong></span> 
     </span>
     <span class='ocr_line' id='line_1_20' title="bbox 1177 2956 4209 3061; baseline 0.001 -33"><span class='ocrx_word' id='word_1_224' title='bbox 1177 2956 1638 3055; x_wconf 83' lang='lat' dir='ltr'><strong>prospecturi:</strong></span> <span class='ocrx_word' id='word_1_225' title='bbox 1707 2983 1849 3058; x_wconf 90' lang='lat' dir='ltr'><strong>quo</strong></span> <span class='ocrx_word' id='word_1_226' title='bbox 1911 2958 2100 3035; x_wconf 88' lang='lat' dir='ltr'><strong>haud</strong></span> <span class='ocrx_word' id='word_1_227' title='bbox 2163 2959 2302 3036; x_wconf 88' lang='lat' dir='ltr'><strong>scio</strong></span> <span class='ocrx_word' id='word_1_228' title='bbox 2361 2984 2453 3035; x_wconf 90' lang='lat' dir='ltr'><strong>an</strong></span> <span class='ocrx_word' id='word_1_229' title='bbox 2507 2959 2889 3059; x_wconf 89' lang='lat' dir='ltr'><strong>quidquam</strong></span> <span class='ocrx_word' id='word_1_230' title='bbox 2936 2959 3062 3049; x_wconf 89' lang='lat' dir='ltr'><strong>sit,</strong></span> <span class='ocrx_word' id='word_1_231' title='bbox 3130 2959 3321 3059; x_wconf 91' lang='lat' dir='ltr'><strong>quod</strong></span> <span class='ocrx_word' id='word_1_232' title='bbox 3384 2965 3689 3035; x_wconf 88' lang='lat' dir='ltr'><strong>mentem</strong></span> <span class='ocrx_word' id='word_1_233' title='bbox 3744 2965 3817 3033; x_wconf 89' lang='lat' dir='ltr'><strong>et</strong></span> <span class='ocrx_word' id='word_1_234' title='bbox 3866 2958 4209 3061; x_wconf 87' lang='lat' dir='ltr'><strong>ingenium</strong></span> 
     </span>
     <span class='ocr_line' id='line_1_21' title="bbox 1177 3075 4213 3179; baseline 0.001 -30"><span class='ocrx_word' id='word_1_235' title='bbox 1177 3075 1538 3154; x_wconf 90' lang='lat' dir='ltr'><strong>hominum</strong></span> <span class='ocrx_word' id='word_1_236' title='bbox 1613 3080 1838 3179; x_wconf 88' lang='lat' dir='ltr'><strong>magis</strong></span> <span class='ocrx_word' id='word_1_237' title='bbox 1911 3080 2196 3155; x_wconf 83' lang='lat' dir='ltr'><strong>extollat</strong></span> <span class='ocrx_word' id='word_1_238' title='bbox 2265 3087 2336 3153; x_wconf 90' lang='lat' dir='ltr'><strong>et</strong></span> <span class='ocrx_word' id='word_1_239' title='bbox 2396 3077 2769 3177; x_wconf 87' lang='lat' dir='ltr'><strong>amplificet</strong></span> <span class='ocrx_word' id='word_1_240' title='bbox 2787 3096 2833 3166; x_wconf 83' lang='lat'><strong>,⁰</strong></span> <span class='ocrx_word' id='word_1_241' title='bbox 2879 3101 3018 3176; x_wconf 91' lang='lat' dir='ltr'><strong>quo</strong></span> <span class='ocrx_word' id='word_1_242' title='bbox 3075 3102 3217 3153; x_wconf 91' lang='lat' dir='ltr'><strong>non</strong></span> <span class='ocrx_word' id='word_1_243' title='bbox 3278 3086 3554 3153; x_wconf 87' lang='lat' dir='ltr'><strong>tantum</strong></span> <span class='ocrx_word' id='word_1_244' title='bbox 3622 3076 3851 3153; x_wconf 85' lang='lat' dir='ltr'><strong>nubes</strong></span> <span class='ocrx_word' id='word_1_245' title='bbox 3922 3101 4213 3153; x_wconf 87' lang='lat' dir='ltr'><strong>errorum</strong></span> 
     </span>
     <span class='ocr_line' id='line_1_22' title="bbox 1177 3195 4209 3298; baseline 0.001 -29"><span class='ocrx_word' id='word_1_246' title='bbox 1177 3195 1641 3295; x_wconf 88' lang='lat' dir='ltr'><strong>dissipantur,</strong></span> <span class='ocrx_word' id='word_1_247' title='bbox 1691 3200 1816 3274; x_wconf 91' lang='lat' dir='ltr'><strong>sed</strong></span> <span class='ocrx_word' id='word_1_248' title='bbox 1869 3200 2094 3275; x_wconf 87' lang='lat' dir='ltr'><strong>omnis</strong></span> <span class='ocrx_word' id='word_1_249' title='bbox 2115 3288 2124 3298; x_wconf 94' lang='lat'>.</span> <span class='ocrx_word' id='word_1_250' title='bbox 2143 3198 2286 3273; x_wconf 90' lang='lat' dir='ltr'><strong>fere</strong></span> <span class='ocrx_word' id='word_1_251' title='bbox 2336 3198 2701 3273; x_wconf 90' lang='lat' dir='ltr'><strong>hominum</strong></span> <span class='ocrx_word' id='word_1_252' title='bbox 2751 3198 2889 3273; x_wconf 86' lang='lat' dir='ltr'><strong>vita</strong></span> <span class='ocrx_word' id='word_1_253' title='bbox 2936 3205 3009 3273; x_wconf 92' lang='lat' dir='ltr'><strong>et</strong></span> <span class='ocrx_word' id='word_1_254' title='bbox 3056 3197 3401 3297; x_wconf 88' lang='lat' dir='ltr'><strong>quidquid</strong></span> <span class='ocrx_word' id='word_1_255' title='bbox 3442 3198 3533 3273; x_wconf 86' lang='lat' dir='ltr'><strong>ad</strong></span> <span class='ocrx_word' id='word_1_256' title='bbox 3578 3196 3761 3272; x_wconf 86' lang='lat' dir='ltr'><strong>hanc</strong></span> <span class='ocrx_word' id='word_1_257' title='bbox 3806 3196 4209 3297; x_wconf 82' lang='lat' dir='ltr'><strong>reipublicae</strong></span> 
     </span>
     <span class='ocr_line' id='line_1_23' title="bbox 1067 3298 4206 3418; baseline 0 -28"><span class='ocrx_word' id='word_1_258' title='bbox 1067 3328 1082 3339; x_wconf 82' lang='grc'><strong>“</strong></span> <span class='ocrx_word' id='word_1_259' title='bbox 1149 3316 1754 3401; x_wconf 56' lang='lat' dir='ltr'><strong>,consociationem</strong></span> <span class='ocrx_word' id='word_1_260' title='bbox 1801 3320 2176 3418; x_wconf 82' lang='lat' dir='ltr'><strong>pertineat,</strong></span> <span class='ocrx_word' id='word_1_261' title='bbox 2218 3318 2507 3417; x_wconf 90' lang='lat' dir='ltr'><strong>planum</strong></span> <span class='ocrx_word' id='word_1_262' title='bbox 2550 3319 2633 3393; x_wconf 86' lang='lat' dir='ltr'><strong>fit</strong></span> <span class='ocrx_word' id='word_1_263' title='bbox 2676 3324 2749 3392; x_wconf 90' lang='lat' dir='ltr'><strong>et</strong></span> <span class='ocrx_word' id='word_1_264' title='bbox 2790 3318 3065 3394; x_wconf 90' lang='lat' dir='ltr'><strong>unicam</strong></span> <span class='ocrx_word' id='word_1_265' title='bbox 3105 3298 3325 3393; x_wconf 76' lang='lat' dir='ltr'><strong>efficit</strong></span> <span class='ocrx_word' id='word_1_266' title='bbox 3347 3317 4015 3417; x_wconf 86' lang='lat' dir='ltr'><strong>praestantissimam</strong></span> <span class='ocrx_word' id='word_1_267' title='bbox 4052 3316 4206 3389; x_wconf 87' lang='lat' dir='ltr'><strong>ima·</strong></span> 
     </span>
    </p>

    <p class='ocr_par' dir='ltr' id='par_1_3' title="bbox 1123 3432 4211 4854">
     <span class='ocr_line' id='line_1_24' title="bbox 1151 3432 4203 3537; baseline 0.001 -30"><span class='ocrx_word' id='word_1_268' title='bbox 1151 3434 1434 3531; x_wconf 91' lang='lat' dir='ltr'><strong>ginem.</strong></span> <span class='ocrx_word' id='word_1_269' title='bbox 1547 3436 1708 3511; x_wconf 79' lang='lat' dir='ltr'><strong>Tibi</strong></span> <span class='ocrx_word' id='word_1_270' title='bbox 1769 3439 1829 3513; x_wconf 90' lang='lat' dir='ltr'><strong>si</strong></span> <span class='ocrx_word' id='word_1_271' title='bbox 1889 3439 2005 3514; x_wconf 91' lang='lat' dir='ltr'><strong>cui</strong></span> <span class='ocrx_word' id='word_1_272' title='bbox 2071 3438 2188 3515; x_wconf 89' lang='lat' dir='ltr'><strong>alii</strong></span> <span class='ocrx_word' id='word_1_273' title='bbox 2249 3444 2606 3536; x_wconf 90' lang='lat' dir='ltr'><strong>tamquam</strong></span> <span class='ocrx_word' id='word_1_274' title='bbox 2665 3462 2989 3537; x_wconf 87' lang='lat' dir='ltr'><strong>praesens</strong></span> <span class='ocrx_word' id='word_1_275' title='bbox 3051 3438 3323 3513; x_wconf 84' lang='lat' dir='ltr'><strong>videtur</strong></span> <span class='ocrx_word' id='word_1_276' title='bbox 3376 3436 3637 3513; x_wconf 80' lang='lat' dir='ltr'><strong>Lrvms</strong></span> <span class='ocrx_word' id='word_1_277' title='bbox 3682 3435 3982 3526; x_wconf 83' lang='lat' dir='ltr'><strong>dixisse,</strong></span> <span class='ocrx_word' id='word_1_278' title='bbox 4032 3432 4203 3534; x_wconf 89' lang='lat' dir='ltr'><strong>quod</strong></span> 
     </span>
     <span class='ocr_line' id='line_1_25' title="bbox 1176 3554 4209 3658; baseline -0 -32"><span class='ocrx_word' id='word_1_279' title='bbox 1176 3576 1267 3627; x_wconf 91' lang='lat' dir='ltr'><strong>ne</strong></span> <span class='ocrx_word' id='word_1_280' title='bbox 1317 3554 1843 3646; x_wconf 85' lang='lat' dir='ltr'><strong>obliviscantur,</strong></span> <span class='ocrx_word' id='word_1_281' title='bbox 1911 3559 2334 3657; x_wconf 89' lang='lat' dir='ltr'><strong>quicumque</strong></span> <span class='ocrx_word' id='word_1_282' title='bbox 2381 3555 2778 3632; x_wconf 87' lang='lat' dir='ltr'><strong>civitatibus</strong></span> <span class='ocrx_word' id='word_1_283' title='bbox 2827 3556 3204 3658; x_wconf 86' lang='lat' dir='ltr'><strong>imperent:</strong></span> <span class='ocrx_word' id='word_1_284' title='bbox 3270 3556 3428 3631; x_wconf 90' lang='lat' dir='ltr'><strong>Hoc</strong></span> <span class='ocrx_word' id='word_1_285' title='bbox 3474 3555 3651 3631; x_wconf 89' lang='lat' dir='ltr'><strong>illud</strong></span> <span class='ocrx_word' id='word_1_286' title='bbox 3702 3564 3813 3631; x_wconf 83' lang='lat' dir='ltr'><strong>est</strong></span> <span class='ocrx_word' id='word_1_287' title='bbox 3856 3555 4209 3655; x_wconf 83' lang='lat' dir='ltr'><strong>praecipue</strong></span> 
     </span>
     <span class='ocr_line' id='line_1_26' title="bbox 1175 3673 4209 3775; baseline 0 -30"><span class='ocrx_word' id='word_1_288' title='bbox 1175 3673 1249 3745; x_wconf 90' lang='lat' dir='ltr'><strong>in</strong></span> <span class='ocrx_word' id='word_1_289' title='bbox 1313 3674 1704 3771; x_wconf 86' lang='lat' dir='ltr'><strong>cognitione</strong></span> <span class='ocrx_word' id='word_1_290' title='bbox 1762 3702 1994 3752; x_wconf 89' lang='lat' dir='ltr'><strong>rerum</strong></span> <span class='ocrx_word' id='word_1_291' title='bbox 2063 3676 2336 3752; x_wconf 90' lang='lat' dir='ltr'><strong>salubre</strong></span> <span class='ocrx_word' id='word_1_292' title='bbox 2400 3702 2479 3751; x_wconf 88' lang='lat' dir='ltr'><strong>ac</strong></span> <span class='ocrx_word' id='word_1_293' title='bbox 2529 3675 2939 3775; x_wconf 86' lang='lat' dir='ltr'><strong>frugiferum</strong></span> <span class='ocrx_word' id='word_1_294' title='bbox 2959 3734 2979 3765; x_wconf 94' lang='lat'><strong>,</strong></span> <span class='ocrx_word' id='word_1_295' title='bbox 3048 3675 3278 3753; x_wconf 87' lang='lat' dir='ltr'><strong>omnis</strong></span> <span class='ocrx_word' id='word_1_296' title='bbox 3326 3681 3397 3750; x_wconf 89' lang='lat' dir='ltr'><strong>te</strong></span> <span class='ocrx_word' id='word_1_297' title='bbox 3443 3675 3745 3774; x_wconf 86' lang='lat' dir='ltr'><strong>exempli</strong></span> <span class='ocrx_word' id='word_1_298' title='bbox 3800 3674 4209 3749; x_wconf 81' lang='lat' dir='ltr'><strong>documenta</strong></span> 
     </span>
     <span class='ocr_line' id='line_1_27' title="bbox 1175 3790 4211 3895; baseline 0.002 -33"><span class='ocrx_word' id='word_1_299' title='bbox 1175 3790 1249 3864; x_wconf 90' lang='lat' dir='ltr'><strong>in</strong></span> <span class='ocrx_word' id='word_1_300' title='bbox 1313 3790 1566 3866; x_wconf 87' lang='lat' dir='ltr'><strong>illustri</strong></span> <span class='ocrx_word' id='word_1_301' title='bbox 1626 3792 1850 3891; x_wconf 84' lang='lat' dir='ltr'><strong>posita</strong></span> <span class='ocrx_word' id='word_1_302' title='bbox 1909 3802 2361 3869; x_wconf 89' lang='lat' dir='ltr'><strong>monumento</strong></span> <span class='ocrx_word' id='word_1_303' title='bbox 2410 3793 2703 3870; x_wconf 83' lang='lat' dir='ltr'><strong>intueri:</strong></span> <span class='ocrx_word' id='word_1_304' title='bbox 2758 3795 2923 3870; x_wconf 90' lang='lat' dir='ltr'><strong>inde</strong></span> <span class='ocrx_word' id='word_1_305' title='bbox 2983 3794 3115 3868; x_wconf 91' lang='lat' dir='ltr'><strong>tibi</strong></span> <span class='ocrx_word' id='word_1_306' title='bbox 3170 3810 3475 3893; x_wconf 83' lang='lat' dir='ltr'><strong>tuaeque</strong></span> <span class='ocrx_word' id='word_1_307' title='bbox 3522 3794 3987 3895; x_wconf 88' lang='lat' dir='ltr'><strong>reipublicae,</strong></span> <span class='ocrx_word' id='word_1_308' title='bbox 4035 3791 4211 3891; x_wconf 87' lang='lat' dir='ltr'><strong>quod</strong></span> 
     </span>
     <span class='ocr_line' id='line_1_28' title="bbox 1175 3909 4209 4015; baseline 0.001 -33"><span class='ocrx_word' id='word_1_309' title='bbox 1175 3909 1481 4000; x_wconf 86' lang='lat' dir='ltr'><strong>imitere,</strong></span> <span class='ocrx_word' id='word_1_310' title='bbox 1529 3912 1797 4011; x_wconf 83' lang='lat' dir='ltr'><strong>capias:</strong></span> <span class='ocrx_word' id='word_1_311' title='bbox 1860 3913 2058 4003; x_wconf 90' lang='lat' dir='ltr'><strong>inde,</strong></span> <span class='ocrx_word' id='word_1_312' title='bbox 2109 3913 2392 3989; x_wconf 85' lang='lat' dir='ltr'><strong>foedum</strong></span> <span class='ocrx_word' id='word_1_313' title='bbox 2454 3916 2773 4015; x_wconf 84' lang='lat' dir='ltr'><strong>inceptu,</strong></span> <span class='ocrx_word' id='word_1_314' title='bbox 2830 3914 3113 3990; x_wconf 89' lang='lat' dir='ltr'><strong>foedum</strong></span> <span class='ocrx_word' id='word_1_315' title='bbox 3170 3915 3395 4004; x_wconf 83' lang='lat' dir='ltr'><strong>exitu,</strong></span> <span class='ocrx_word' id='word_1_316' title='bbox 3446 3914 3638 4014; x_wconf 89' lang='lat' dir='ltr'><strong>quod</strong></span> <span class='ocrx_word' id='word_1_317' title='bbox 3695 3914 3934 3989; x_wconf 88' lang='lat' dir='ltr'><strong>vites..</strong></span> <span class='ocrx_word' id='word_1_318' title='bbox 3990 3915 4095 3988; x_wconf 90' lang='lat' dir='ltr'><strong>At</strong></span> <span class='ocrx_word' id='word_1_319' title='bbox 4134 3920 4209 3984; x_wconf 88' lang='grc' dir='ltr'><strong>ιιι</strong></span> 
     </span>
     <span class='ocr_line' id='line_1_29' title="bbox 1173 4028 4207 4136; baseline 0.001 -33"><span class='ocrx_word' id='word_1_320' title='bbox 1173 4028 1278 4103; x_wconf 80' lang='lat' dir='ltr'><strong>vir</strong></span> <span class='ocrx_word' id='word_1_321' title='bbox 1331 4031 1757 4131; x_wconf 87' lang='lat' dir='ltr'><strong>amplissime</strong></span> <span class='ocrx_word' id='word_1_322' title='bbox 1811 4042 2084 4111; x_wconf 87' lang='lat' dir='ltr'><strong>nostrae</strong></span> <span class='ocrx_word' id='word_1_323' title='bbox 2142 4035 2314 4109; x_wconf 90' lang='lat' dir='ltr'><strong>item</strong></span> <span class='ocrx_word' id='word_1_324' title='bbox 2357 4034 2775 4136; x_wconf 89' lang='lat' dir='ltr'><strong>reipublicae</strong></span> <span class='ocrx_word' id='word_1_325' title='bbox 2814 4034 3044 4134; x_wconf 86' lang='lat' dir='ltr'><strong>capias</strong></span> <span class='ocrx_word' id='word_1_326' title='bbox 3062 4093 3083 4124; x_wconf 94' lang='lat'><strong>,</strong></span> <span class='ocrx_word' id='word_1_327' title='bbox 3144 4034 3335 4134; x_wconf 90' lang='lat' dir='ltr'><strong>quod</strong></span> <span class='ocrx_word' id='word_1_328' title='bbox 3381 4034 3651 4109; x_wconf 87' lang='lat' dir='ltr'><strong>imitere</strong></span> <span class='ocrx_word' id='word_1_329' title='bbox 3694 4034 3905 4108; x_wconf 90' lang='lat' dir='ltr'><strong>simul</strong></span> <span class='ocrx_word' id='word_1_330' title='bbox 3923 4092 3947 4123; x_wconf 92' lang='lat'><strong>,</strong></span> <span class='ocrx_word' id='word_1_331' title='bbox 3994 4034 4207 4131; x_wconf 82' lang='lat' dir='ltr'><strong>iisque</strong></span> 
     </span>
     <span class='ocr_line' id='line_1_30' title="bbox 1175 4150 4209 4253; baseline 0.001 -31"><span class='ocrx_word' id='word_1_332' title='bbox 1175 4150 1528 4250; x_wconf 88' lang='lat' dir='ltr'><strong>opposita,</strong></span> <span class='ocrx_word' id='word_1_333' title='bbox 1582 4177 1761 4251; x_wconf 84' lang='lat' dir='ltr'><strong>quae</strong></span> <span class='ocrx_word' id='word_1_334' title='bbox 1815 4154 1990 4229; x_wconf 88' lang='lat' dir='ltr'><strong>vites</strong></span> <span class='ocrx_word' id='word_1_335' title='bbox 2033 4161 2104 4229; x_wconf 91' lang='lat' dir='ltr'><strong>et</strong></span> <span class='ocrx_word' id='word_1_336' title='bbox 2153 4179 2196 4230; x_wconf 89' lang='lat' dir='ltr'><strong>a</strong></span> <span class='ocrx_word' id='word_1_337' title='bbox 2244 4153 2539 4253; x_wconf 91' lang='lat' dir='ltr'><strong>quibus,</strong></span> <span class='ocrx_word' id='word_1_338' title='bbox 2587 4154 2717 4231; x_wconf 87' lang='lat' dir='ltr'><strong>hoc</strong></span> <span class='ocrx_word' id='word_1_339' title='bbox 2762 4154 2951 4229; x_wconf 89' lang='lat' dir='ltr'><strong>enim</strong></span> <span class='ocrx_word' id='word_1_340' title='bbox 2994 4165 3065 4229; x_wconf 89' lang='lat' dir='ltr'><strong>te</strong></span> <span class='ocrx_word' id='word_1_341' title='bbox 3114 4162 3595 4253; x_wconf 85' lang='lat' dir='ltr'><strong>exspectamus</strong></span> <span class='ocrx_word' id='word_1_342' title='bbox 3642 4154 3993 4229; x_wconf 83' lang='lat' dir='ltr'><strong>facturum</strong></span> <span class='ocrx_word' id='word_1_343' title='bbox 4016 4205 4041 4245; x_wconf 86' lang='lat'><strong>,</strong></span> <span class='ocrx_word' id='word_1_344' title='bbox 4090 4176 4209 4226; x_wconf 87' lang='lat' dir='ltr'><strong>nos</strong></span> 
     </span>
     <span class='ocr_line' id='line_1_31' title="bbox 1172 4266 4207 4376; baseline 0.001 -35"><span class='ocrx_word' id='word_1_345' title='bbox 1172 4266 1429 4348; x_wconf 71' lang='lat' dir='ltr'><strong>tueare.</strong></span> <span class='ocrx_word' id='word_1_346' title='bbox 1532 4274 1693 4348; x_wconf 67' lang='lat' dir='ltr'><strong>Non⁴</strong></span> <span class='ocrx_word' id='word_1_347' title='bbox 1737 4274 1937 4349; x_wconf 88' lang='lat' dir='ltr'><strong>facile</strong></span> <span class='ocrx_word' id='word_1_348' title='bbox 1973 4274 2107 4350; x_wconf 89' lang='lat' dir='ltr'><strong>tibi</strong></span> <span class='ocrx_word' id='word_1_349' title='bbox 2143 4273 2591 4376; x_wconf 86' lang='lat' dir='ltr'><strong>persuadebit</strong></span> <span class='ocrx_word' id='word_1_350' title='bbox 2628 4273 2881 4372; x_wconf 88' lang='lat' dir='ltr'><strong>aliquis</strong></span> <span class='ocrx_word' id='word_1_351' title='bbox 2894 4332 2915 4363; x_wconf 93' lang='lat'><strong>,</strong></span> <span class='ocrx_word' id='word_1_352' title='bbox 2960 4273 3095 4349; x_wconf 91' lang='lat' dir='ltr'><strong>nisi</strong></span> <span class='ocrx_word' id='word_1_353' title='bbox 3130 4273 3319 4373; x_wconf 82' lang='lat' dir='ltr'><strong>quod</strong></span> <span class='ocrx_word' id='word_1_354' title='bbox 3354 4272 3783 4373; x_wconf 80' lang='lat' dir='ltr'><strong>argumentis</strong></span> <span class='ocrx_word' id='word_1_355' title='bbox 3818 4272 4207 4348; x_wconf 85' lang='lat' dir='ltr'><strong>firmissime</strong></span> 
     </span>
     <span class='ocr_line' id='line_1_32' title="bbox 1171 4389 4203 4493; baseline 0.002 -31"><span class='ocrx_word' id='word_1_356' title='bbox 1171 4389 1472 4465; x_wconf 73' lang='lat' dir='ltr'><strong>nitaturz</strong></span> <span class='ocrx_word' id='word_1_357' title='bbox 1549 4416 1663 4467; x_wconf 90' lang='lat' dir='ltr'><strong>me</strong></span> <span class='ocrx_word' id='word_1_358' title='bbox 1731 4392 1998 4468; x_wconf 84' lang='lat' dir='ltr'><strong>felicem</strong></span> <span class='ocrx_word' id='word_1_359' title='bbox 2021 4452 2040 4482; x_wconf 95' lang='lat'><strong>,</strong></span> <span class='ocrx_word' id='word_1_360' title='bbox 2105 4394 2166 4467; x_wconf 90' lang='lat' dir='ltr'><strong>si</strong></span> <span class='ocrx_word' id='word_1_361' title='bbox 2233 4394 2405 4491; x_wconf 90' lang='lat' dir='ltr'><strong>quid</strong></span> <span class='ocrx_word' id='word_1_362' title='bbox 2474 4418 2605 4493; x_wconf 86' lang='lat' dir='ltr'><strong>ego</strong></span> <span class='ocrx_word' id='word_1_363' title='bbox 2672 4393 2805 4469; x_wconf 82' lang='lat' dir='ltr'><strong>tibi</strong></span> <span class='ocrx_word' id='word_1_364' title='bbox 2866 4416 3269 4493; x_wconf 86' lang='lat' dir='ltr'><strong>persuasero</strong></span> <span class='ocrx_word' id='word_1_365' title='bbox 3326 4392 3600 4469; x_wconf 87' lang='lat' dir='ltr'><strong>salubre</strong></span> <span class='ocrx_word' id='word_1_366' title='bbox 3668 4417 3749 4467; x_wconf 89' lang='lat' dir='ltr'><strong>ac</strong></span> <span class='ocrx_word' id='word_1_367' title='bbox 3800 4392 4203 4491; x_wconf 85' lang='lat' dir='ltr'><strong>frugiferum</strong></span> 
     </span>
     <span class='ocr_line' id='line_1_33' title="bbox 1173 4507 4205 4611; baseline 0.001 -29"><span class='ocrx_word' id='word_1_368' title='bbox 1173 4507 1337 4584; x_wconf 89' lang='lat' dir='ltr'><strong>huic</strong></span> <span class='ocrx_word' id='word_1_369' title='bbox 1397 4510 1741 4587; x_wconf 88' lang='lat' dir='ltr'><strong>iuventuti</strong></span> <span class='ocrx_word' id='word_1_370' title='bbox 1791 4522 1868 4587; x_wconf 79' lang='lat' dir='ltr'><strong>⁴et</strong></span> <span class='ocrx_word' id='word_1_371' title='bbox 1922 4513 2284 4588; x_wconf 88' lang='lat' dir='ltr'><strong>Athenaeo</strong></span> <span class='ocrx_word' id='word_1_372' title='bbox 2337 4520 2572 4589; x_wconf 85' lang='lat' dir='ltr'><strong>nostro</strong></span> <span class='ocrx_word' id='word_1_373' title='bbox 2587 4570 2608 4604; x_wconf 91' lang='lat'><strong>,</strong></span> <span class='ocrx_word' id='word_1_374' title='bbox 2664 4512 3035 4589; x_wconf 86' lang='lat' dir='ltr'><strong>feliciorem</strong></span> <span class='ocrx_word' id='word_1_375' title='bbox 3082 4512 3241 4587; x_wconf 91' lang='lat' dir='ltr'><strong>ideo</strong></span> <span class='ocrx_word' id='word_1_376' title='bbox 3256 4570 3277 4601; x_wconf 93' lang='lat'><strong>,</strong></span> <span class='ocrx_word' id='word_1_377' title='bbox 3306 4512 3657 4611; x_wconf 81' lang='lat' dir='ltr'><strong>quoniam</strong></span> <span class='ocrx_word' id='word_1_378' title='bbox 3714 4518 3785 4585; x_wconf 91' lang='lat' dir='ltr'><strong>te</strong></span> <span class='ocrx_word' id='word_1_379' title='bbox 3840 4511 4205 4609; x_wconf 80' lang='lat' dir='ltr'><strong>interprete</strong></span> 
     </span>
     <span class='ocr_line' id='line_1_34' title="bbox 1172 4627 4205 4734; baseline 0 -33"><span class='ocrx_word' id='word_1_380' title='bbox 1172 4627 1428 4708; x_wconf 88' lang='lat' dir='ltr'><strong>bonam</strong></span> <span class='ocrx_word' id='word_1_381' title='bbox 1475 4630 1747 4731; x_wconf 86' lang='lat' dir='ltr'><strong>frugem</strong></span> <span class='ocrx_word' id='word_1_382' title='bbox 1767 4691 1787 4721; x_wconf 91' lang='lat'><strong>,</strong></span> <span class='ocrx_word' id='word_1_383' title='bbox 1839 4633 1898 4707; x_wconf 90' lang='lat' dir='ltr'><strong>si</strong></span> <span class='ocrx_word' id='word_1_384' title='bbox 1949 4657 2088 4733; x_wconf 90' lang='lat' dir='ltr'><strong>qua</strong></span> <span class='ocrx_word' id='word_1_385' title='bbox 2133 4633 2308 4708; x_wconf 89' lang='lat' dir='ltr'><strong>forte</strong></span> <span class='ocrx_word' id='word_1_386' title='bbox 2353 4633 2595 4723; x_wconf 90' lang='lat' dir='ltr'><strong>inerit,</strong></span> <span class='ocrx_word' id='word_1_387' title='bbox 2636 4633 2955 4734; x_wconf 89' lang='lat' dir='ltr'><strong>plurimis</strong></span> <span class='ocrx_word' id='word_1_388' title='bbox 3001 4632 3403 4708; x_wconf 88' lang='lat' dir='ltr'><strong>nominibus</strong></span> <span class='ocrx_word' id='word_1_389' title='bbox 3446 4640 3519 4706; x_wconf 89' lang='lat' dir='ltr'><strong>et</strong></span> <span class='ocrx_word' id='word_1_390' title='bbox 3563 4631 3722 4731; x_wconf 85' lang='lat' dir='ltr'><strong>plus</strong></span> <span class='ocrx_word' id='word_1_391' title='bbox 3764 4655 3905 4707; x_wconf 89' lang='lat' dir='ltr'><strong>una</strong></span> <span class='ocrx_word' id='word_1_392' title='bbox 3944 4630 4205 4706; x_wconf 86' lang='lat' dir='ltr'><strong>ratione</strong></span> 
     </span>
     <span class='ocr_line' id='line_1_35' title="bbox 1123 4738 3775 4854; baseline 0.003 -35"><span class='ocrx_word' id='word_1_393' title='bbox 1123 4738 1142 4755; x_wconf 89' lang='grc'><em>“</em></span> <span class='ocrx_word' id='word_1_394' title='bbox 1173 4743 1247 4821; x_wconf 93' lang='lat' dir='ltr'><strong>in</strong></span> <span class='ocrx_word' id='word_1_395' title='bbox 1297 4749 1556 4848; x_wconf 86' lang='lat' dir='ltr'><strong>patriae</strong></span> <span class='ocrx_word' id='word_1_396' title='bbox 1607 4759 1882 4830; x_wconf 85' lang='lat' dir='ltr'><strong>nostrae</strong></span> <span class='ocrx_word' id='word_1_397' title='bbox 1927 4778 2134 4831; x_wconf 89' lang='lat' dir='ltr'><strong>usum</strong></span> <span class='ocrx_word' id='word_1_398' title='bbox 2185 4761 2257 4829; x_wconf 91' lang='lat' dir='ltr'><strong>et</strong></span> <span class='ocrx_word' id='word_1_399' title='bbox 2294 4738 2661 4830; x_wconf 54' lang='lat' dir='ltr'><strong>‘commoda</strong></span> <span class='ocrx_word' id='word_1_400' title='bbox 2704 4778 3021 4854; x_wconf 86' lang='lat' dir='ltr'><strong>sparsum</strong></span> <span class='ocrx_word' id='word_1_401' title='bbox 3062 4754 3147 4829; x_wconf 79' lang='lat' dir='ltr'><strong>iri</strong></span> <span class='ocrx_word' id='word_1_402' title='bbox 3190 4754 3413 4830; x_wconf 87' lang='lat' dir='ltr'><strong>laetus</strong></span> <span class='ocrx_word' id='word_1_403' title='bbox 3454 4776 3775 4853; x_wconf 88' lang='lat' dir='ltr'><strong>auguror.</strong></span> 
     </span>
    </p>
   </div>
   <div class='ocr_carea' id='block_1_3' title="bbox 4536 619 4546 1448">
    <p class='ocr_par' dir='ltr' id='par_1_4' title="bbox 4536 619 4546 1448">
     <span class='ocr_line' id='line_1_36' title="bbox 4536 619 4546 1448; baseline 0 0"><span class='ocrx_word' id='word_1_404' title='bbox 4536 619 4546 1448; x_wconf 95' lang='lat' dir='ltr'><strong> </strong></span> 
     </span>
    </p>
   </div>
   <div class='ocr_carea' id='block_1_4' title="bbox 4536 2673 4546 3489">
    <p class='ocr_par' dir='ltr' id='par_1_5' title="bbox 4536 2673 4546 3489">
     <span class='ocr_line' id='line_1_37' title="bbox 4536 2673 4546 3489; baseline 0 0"><span class='ocrx_word' id='word_1_405' title='bbox 4536 2673 4546 3489; x_wconf 95' lang='lat' dir='ltr'><strong> </strong></span> 
     </span>
    </p>
   </div>
   <div class='ocr_carea' id='block_1_5' title="bbox 4535 2673 4547 3859">
    <p class='ocr_par' dir='ltr' id='par_1_6' title="bbox 4535 2673 4547 3859">
     <span class='ocr_line' id='line_1_38' title="bbox 4535 2673 4547 3859; baseline 0 0"><span class='ocrx_word' id='word_1_406' title='bbox 4535 2673 4547 3859; x_wconf 95' lang='lat' dir='ltr'><strong> </strong></span> 
     </span>
    </p>
   </div>
   <div class='ocr_carea' id='block_1_6' title="bbox 4536 4222 4547 4941">
    <p class='ocr_par' dir='ltr' id='par_1_7' title="bbox 4536 4222 4547 4941">
     <span class='ocr_line' id='line_1_39' title="bbox 4536 4222 4547 4941; baseline 0 0"><span class='ocrx_word' id='word_1_407' title='bbox 4536 4222 4547 4941; x_wconf 95' lang='lat' dir='ltr'><strong> </strong></span> 
     </span>
    </p>
   </div>
  </div>
 </body>
</html>
