4766 6034
1112 651 1240 717 190
1947 697 1965 716 .
2052 639 2055 642 ’
2208 649 2259 712 1.
2331 645 2408 714 A.
2477 647 2544 714 C.
2613 644 3053 718 ROVERS

1099 859 1192 934 ad
1259 857 1621 934 obrussam
1683 854 1957 956 exigere
2021 853 2302 955 placuit.
2405 857 2659 956 Neque
2713 855 3033 956 neglecta
3101 860 3265 931 sunt
3283 913 3338 944 ,.
3377 855 3806 956 temporibus
3874 859 4148 958 egregie

1102 978 1539 1056 hortantibus
1562 1036 1583 1067 ,
1650 976 1879 1053 secula
1934 1002 1979 1053 a
2044 975 2394 1075 praesenti
2460 982 2686 1052 aetate
2762 977 2998 1052 minus
3059 982 3344 1053 remota.
3445 978 3894 1077 Quamquam
3947 987 4030 1054 ut
4071 979 4147 1054 in

1102 1098 1608 1196 antiquioribus
1628 1157 1648 1188 ‚
1720 1097 1819 1174 sic
1862 1097 1936 1172 in
2005 1096 2114 1172 his
2182 1096 2354 1196 ipsis
2407 1097 2632 1174 multa
2692 1106 3106 1198 supersunt,
3173 1120 3352 1195 quae
3410 1096 3662 1172 criseos
3724 1097 4150 1199 diligentiam

1099 1219 1487 1318 requirunt.

1195 1339 1336 1413 Sed
1400 1337 1557 1427 hic,
1625 1338 1713 1413 A.
1753 1335 1842 1412 A.
1865 1393 1886 1426 ,
1935 1335 2270 1413 vocabulo
2323 1361 2496 1414 usus
2547 1361 2707 1414 sum
2756 1336 3040 1426 multis,
3091 1342 3172 1410 ut
3218 1337 3501 1436 opinor,
3555 1347 3776 1438 grato.
3877 1338 4150 1414 Criseos

1098 1461 1519 1560 dilvyentiam
1583 1482 1658 1532 se
1727 1457 1933 1533 malle
2001 1457 2245 1533 dicunt
2313 1483 2527 1557 quam
2595 1459 2997 1534 libertatem.
3100 1457 3326 1536 Quasi
3386 1482 3546 1533 vero
3619 1485 3742 1534 eae
3760 1516 3782 1548 ,
3855 1483 4146 1557 quarum

1102 1587 1361 1654 arctam
1426 1585 1751 1677 optamus
1818 1578 2405 1655 necessitudinem
2426 1637 2447 1669 ,
2515 1577 2749 1654 indole
2796 1576 2991 1677 ipsae
3045 1602 3172 1653 sua
3189 1635 3210 1666 ,
3263 1583 3344 1650 ut
3390 1602 3574 1677 aqua
3619 1586 3690 1654 et
3736 1578 3921 1679 ignis
3940 1638 3961 1669 ‚
4011 1579 4146 1654 dis·

1095 1705 1267 1775 tent.
1319 1742 1419 1758 -
1465 1699 1967 1776 Verumtamen
2015 1697 2185 1776 haec
2207 1756 2228 1787 ,
2292 1699 2533 1789 aiunt,
2601 1723 2814 1801 quam
2866 1706 2948 1773 tu
2991 1698 3282 1798 probare
3326 1697 3580 1776 videris
3596 1758 3616 1789 ‚
3678 1698 3962 1774 libertas
4012 1707 4146 1774 tor-

1095 1820 1310 1895 rentis
1354 1820 1607 1908 instar,
1661 1843 1881 1919 quum
1933 1848 1969 1889 n
1988 1819 2235 1894 sternit
2276 1843 2480 1920 agros
2497 1878 2518 1910 ,
2570 1819 2822 1894 sternit
2870 1825 3020 1894 sata
3058 1819 3239 1894 laeta
3281 1818 3638 1919 boumque
3681 1819 4022 1908 labores'’,
4053 1819 4150 1894 sic

1094 1939 1455 2040 praecipiti
1510 1940 1783 2038 impetu
1845 1939 2029 2014 ruit:
2096 1963 2235 2015 non
2301 1938 2538 2014 differt
2608 1965 2650 2014 a
2703 1938 3017 2015 lieentia:
3069 1945 3300 2040 spreta
3341 1941 3632 2015 testium
3679 1941 3818 2018 fide
3838 1999 3861 2029 ,
3911 1941 4152 2015 dicunt

1094 2058 1213 2133 isti
1284 2059 1633 2158 quidquid
1695 2059 1772 2133 in
1824 2058 2156 2135 buccam:
2223 2059 2283 2133 si
2332 2055 2639 2135 Romulo
2682 2066 2961 2134 tantum
3002 2059 3381 2135 carendum
3425 2070 3607 2136 esset
3646 2068 3772 2137 aut
3811 2060 4036 2136 Mucii
4075 2060 4148 2136 in

1093 2178 1562 2254 comburenda
1616 2179 1858 2256 dextra
1904 2179 2137 2255 animo
2186 2179 2540 2280 intrepido
2563 2239 2583 2270 ‚
2635 2180 2829 2256 taciti
2869 2177 3205 2256 ferremus
3247 2180 3496 2256 horum
3546 2181 3836 2258 heroum
3883 2181 4150 2258 deside-

1090 2300 1275 2376 rium
1294 2358 1315 2389 ‚
1362 2325 1453 2375 ne
1503 2299 1703 2375 liberi
1744 2300 1963 2376 nostri
1987 2358 2007 2389 ‚
2062 2285 2189 2376 sua
2242 2301 2504 2377 scilicet
2553 2301 2901 2400 sapientia
2948 2300 3114 2375 elati
3133 2359 3153 2390 ‚
3209 2323 3339 2376 nos
3388 2309 3709 2401 parentes
3753 2300 4113 2376 irriderent
4129 2335 4150 2376 :

1091 2419 1215 2494 sed
1274 2419 1519 2495 seriem
1581 2420 1756 2495 adeo
1827 2421 2132 2494 virorum
2176 2421 2810 2496 illustrissimorum
2851 2420 2943 2497 ad
2986 2401 3314 2521 personas
3333 2481 3354 2510 ,
3405 2421 3467 2496 si
3506 2421 3642 2497 Dis
3683 2421 3910 2523 placet
3930 2480 3951 2510 ‚
4001 2447 4150 2520 my-

967 2541 976 2548 “
1087 2539 1307 2616 thicas
1350 2546 1475 2616 aut
1518 2539 1931 2639 symbolicas
1985 2538 2223 2615 referri
2245 2599 2265 2629 ‚
2318 2541 2444 2616 sed
2492 2541 2728 2642 plures
2774 2539 3002 2615 omnis
3043 2540 3194 2616 aevi
3244 2541 3570 2617 honestos
3611 2542 3792 2618 viros
3823 2542 4154 2618 laudibus

1088 2660 1341 2757 privari
1358 2717 1380 2749 ,
1448 2660 1685 2736 extolli
1749 2659 2065 2736 homines
2117 2685 2422 2760 nequam
2445 2719 2466 2751 ,
2537 2661 2667 2737 hoc
2729 2685 2893 2736 sane
2963 2685 3104 2735 non
3161 2661 3528 2737 ferendum
3599 2670 3724 2738 est.
3789 2705 3888 2720 —
3949 2665 4151 2738 Bona

1088 2780 1297 2856 verba
1317 2837 1338 2870 ,
1408 2805 1687 2880 quaeso.
1784 2781 1917 2856 Est
1977 2781 2147 2856 haec
2208 2781 2598 2882 indignatio
2662 2781 2916 2861 Quinti
2962 2780 3312 2857 Ciceronis
3331 2841 3352 2872 ‚
3411 2782 3977 2888 reprehendentis
4021 2783 4146 2858 tri-

1086 2899 1433 2975 bunitiam
1498 2906 1936 3000 potestatem.
2040 2901 2180 2977 Sed
2234 2910 2624 3002 opportune
2698 2927 2782 2978 ea
2848 2903 3166 2977 recordor
3189 2961 3209 2992 ‚
3277 2929 3456 3002 quae
3509 2902 3910 2978 dulcissimo
3955 2902 4152 2978 fratri

1084 3021 1369 3097 Marcus
1432 3022 1839 3123 respondet:
1911 3020 2153 3122 iniqua
2221 3032 2331 3099 est
2378 3024 2452 3100 in
2501 3024 2694 3100 omni
2744 3048 2819 3099 re
2873 3022 3262 3099 accusanda
3279 3082 3300 3111 ‚
3347 3022 3847 3124 praetermissis
3901 3022 4104 3099 bonis
4127 3082 4150 3112 ,

1082 3142 1421 3218 malorum
1488 3142 1918 3219 enumeratio
1984 3142 2453 3245 vitiorumque
2528 3144 2842 3235 selectio;
2915 3152 3065 3220 esto
3121 3144 3196 3217 in
3255 3143 3372 3218 illa
3431 3144 3751 3219 libertate
3805 3143 4148 3243 quiddam

1084 3262 1250 3337 mali
1268 3322 1288 3353 ‚
1362 3263 1486 3337 sed
1546 3262 1813 3339 bonum
1834 3322 1855 3355 ,
1919 3264 2113 3364 quod
2161 3273 2268 3340 cst
2318 3264 2714 3364 quaesitum
2764 3264 2840 3339 in
2887 3290 2968 3339 ea
2987 3320 3008 3353 ,
3063 3263 3211 3338 sine
3253 3262 3389 3338 isto
3430 3264 3618 3339 malo
3667 3287 3806 3338 non
3861 3262 4146 3339 habere—

1083 3407 1263 3458 mus,
1365 3384 1497 3457 Est
1559 3390 1801 3459 autem
1857 3383 2036 3459 illud
2105 3383 2369 3473 bonum
2437 3382 2820 3473 eiusmodi,
2889 3406 3030 3481 quo
3095 3379 3271 3455 nihil
3318 3380 3566 3455 melius
3609 3379 4148 3480 Historiologiae

1084 3502 1459 3602 excogitari
1508 3504 1749 3602 possit.
1866 3503 2147 3580 Etenim
2193 3504 2323 3580 hoc
2364 3504 2717 3579 consecuti
2765 3527 3008 3578 sumus
3031 3560 3051 3591 ‚
3103 3507 3186 3576 ut
3225 3500 3480 3576 certius
3513 3509 3880 3601 appareat,
3931 3526 4143 3600 quae-

1083 3644 1247 3695 nam
1319 3621 1524 3696 nobis
1595 3623 1686 3697 sit
1750 3645 1983 3701 rerum
2046 3631 2406 3725 gestarum
2479 3627 2768 3726 coquitio
2786 3682 2807 3713 ,
2876 3647 3016 3722 quo
3075 3623 3400 3697 scientiae
3451 3622 3676 3721 gradu
3724 3620 3961 3697 simus.
4017 3624 4024 3631 '
4067 3621 4144 3694 Si

1086 3738 1212 3837 qui
1256 3739 1346 3815 ad
1394 3747 1702 3815 extrema
1745 3766 1945 3817 ruere
1989 3742 2285 3841 cupiunt
2307 3801 2327 3832 ‚
2379 3742 2440 3816 si
2478 3742 2553 3816 in
2596 3740 3004 3842 opinionum
3047 3740 3406 3839 splendore
3449 3748 3523 3816 et
3552 3740 3842 3816 audacia
3876 3740 4144 3840 ingenii

1089 3858 1201 3933 sui
1270 3857 1705 3936 divinitatem
1764 3860 2168 3937 osculantur
2188 3918 2209 3951 ,
2260 3858 2418 3960 quis
2471 3865 2702 3935 tantas
2753 3858 2839 3933 iis
2885 3858 3194 3935 invideat
3239 3858 3565 3935 delicias?
3639 3859 3782 3934 Sed
3826 3858 3901 3933 in
3949 3860 4140 3935 aedi·
4237 3960 4248 3967 .

1086 3979 1359 4054 ficanda
1431 3979 1638 4055 domo
1704 3980 1765 4055 si
1824 3980 2123 4081 parietes
2180 3988 2253 4055 et
2316 3988 2582 4055 tectum
2637 3985 3211 4078 superstruuntur
3259 3979 3731 4055 fundamentis
3781 4003 3922 4053 non
3980 3980 4139 4055 dili-

1086 4098 1491 4199 gentissime
1543 4100 1839 4200 cognitis
1860 4158 1881 4191 ,
1929 4107 2277 4201 praestare
2323 4100 2726 4175 firmitatem
2774 4098 3069 4173 aedificii
3099 4122 3308 4174 nemo
3349 4107 3598 4198 potest.
3697 4101 3862 4175 Non
3903 4098 4144 4175 differt

1084 4244 1292 4297 causa
1357 4221 1705 4297 doctrinae
1723 4280 1743 4313 ,
1793 4246 1973 4320 quae
1990 4280 2011 4311 ‚
2062 4245 2154 4296 ne
2197 4220 2604 4321 gravissimo
2654 4218 2928 4294 muneri
2975 4218 3190 4307 desit,
3217 4222 3448 4313 factis
3489 4219 3622 4294 niti
3664 4218 3911 4307 debet,
3963 4244 4140 4317 quo-

1084 4366 1241 4417 rum
1317 4342 1692 4418 auctoritas
1770 4368 1984 4442 quam
2064 4342 2438 4416 minimum
2503 4339 2734 4416 lateat.
2862 4338 3022 4413 Hoc
3089 4338 3304 4437 probe
3375 4338 3758 4437 intelligere
3833 4344 4142 4413 aetatem

1084 4470 1388 4537 nostram
1411 4520 1432 4553 ,
1482 4461 1783 4539 declarat
1828 4462 2039 4537 etiam
2083 4460 2364 4537 assidua
2407 4459 2527 4535 illa
2573 4483 2787 4534 novos
2841 4482 3073 4533 rerum
3123 4457 3350 4533 fontes
3387 4456 3769 4558 indagandi
3819 4480 4004 4533 cura.

1182 4582 1401 4656 Multi
1467 4590 1773 4659 vestrum
1845 4582 2313 4659 meminerunt
2371 4604 2608 4655 vocem
2659 4602 2897 4653 eorum
2918 4636 2938 4667 ‚
2988 4577 3114 4677 qui
3150 4578 3243 4653 ad
3285 4578 3471 4659 varia
3513 4582 3831 4653 Actorum
3876 4601 4145 4676 genera

1090 4699 1399 4799 undique
1469 4701 1873 4803 diligentius
1934 4698 2405 4801 conquirenda
2477 4706 2547 4773 et
2627 4697 3045 4798 exploranda
3099 4697 3497 4773 incitarunt.
3622 4695 3818 4771 Haec
3891 4704 4142 4773 autem

1090 4843 1223 4893 vox
1268 4826 1528 4919 quanto
1571 4822 1804 4898 studio
1850 4821 1940 4897 ab
1994 4818 2628 4920 intelligentissimo
2666 4842 2945 4919 quoque
2987 4825 3274 4917 excepta
3322 4818 3469 4893 est!
3552 4817 3654 4891 Ut
3693 4815 3784 4893 ab
3829 4840 3914 4891 eo
3953 4825 4141 4893 tem-
