4766 6034
953 589 1104 684 'u
2205 620 2876 688 Α.ΚυΕΝΕΝ

1022 825 1312 900 aliarum
1362 850 1639 926 quoque
1681 825 2199 925 disciplinarum
2239 828 2583 905 ambitum
2634 830 3000 929 complecti
3050 854 3168 904 eos
3219 854 3419 929 posse
3464 838 3804 931 arguunt,
3850 833 4053 933 quin-

1017 944 1161 1020 imo
1223 971 1438 1022 unam
1509 946 1924 1045 theologiam
1979 946 2120 1021 iam
2185 947 2515 1024 maiorem
2563 949 2778 1025 videri
2797 1008 2818 1039 ,
2880 976 3090 1049 quam
3143 957 3224 1024 ut
3274 951 3575 1026 hominis
3624 977 3779 1026 eam
3828 954 4056 1052 capiat

1017 1065 1416 1167 ingenium,
1489 1075 1905 1166 quapropter
1968 1091 2155 1142 nunc
2217 1067 2292 1141 in
2361 1093 2503 1143 una
2564 1070 2859 1145 alterave
2918 1072 3067 1145 eius
3123 1071 3459 1169 particula
3524 1097 3803 1171 operam
3852 1073 4051 1147 unice

1017 1186 1343 1262 collocare
1388 1185 1786 1285 inceperint,

1111 1306 1354 1406 Longe
1395 1307 1700 1406 profecto
1743 1330 1785 1381 a
1830 1331 1944 1380 me
1988 1305 2222 1393 abest,
2271 1306 2429 1380 AA.
2450 1366 2469 1393 ,
2539 1316 2619 1381 ut
2670 1309 2971 1382 virorum
3018 1309 3561 1407 praeclarorum,
3612 1311 3701 1383 ad
3750 1334 4047 1408 quorum

1013 1427 1404 1526 exemplum
1466 1433 1907 1526 provocatur,
1972 1425 2217 1499 merita
2277 1433 2403 1500 aut
2461 1437 2899 1502 contemnam
2959 1436 3084 1502 aut
3154 1429 3571 1504 detractem:
3625 1437 3929 1504 attamen
3978 1431 4051 1502 in

1010 1547 1264 1621 iudicio
1283 1606 1304 1636 ,
1377 1548 1568 1647 quod
1637 1546 1842 1622 attuli
1861 1604 1881 1633 ,
1957 1546 2272 1620 desidero
2343 1547 2801 1645 aequitatem,
2870 1573 3048 1646 quae
3110 1574 3248 1622 non
3312 1557 3589 1624 tantum
3644 1550 3736 1624 ad
3785 1549 4049 1624 varium

1010 1668 1371 1742 hominum
1434 1667 1795 1767 ingenium
1851 1666 1975 1740 sed
2043 1667 2249 1742 etiam
2298 1668 2392 1742 ad
2437 1666 2838 1766 disciplinae
2860 1728 2879 1759 ‚
2940 1670 3012 1742 in
3060 1694 3199 1767 qua
3249 1670 3626 1745 excolenda
3673 1668 4049 1744 desudave-

1006 1788 1185 1875 rint,
1257 1787 1599 1861 ambitum
1668 1810 1808 1860 non
1871 1809 2142 1884 semper
2207 1786 2571 1882 eumdem,
2622 1792 2693 1859 et
2732 1786 2836 1866 ,ad
2877 1785 3205 1872 maiores,
3258 1785 3518 1884 quibus
3566 1809 3754 1860 nunc
3798 1789 4049 1883 premi-

1006 1916 1122 1981 tur
1144 1967 1164 1995 ‚
1240 1906 1677 1980 difficultates
1751 1905 2062 1979 animum
2132 1906 2489 1980 attendere
2554 1931 2681 1980 nos
2750 1905 2968 1980 iubet.
3071 1905 3218 1982 Qui
3282 1930 3471 1980 nunc
3537 1905 3610 1978 in
3678 1906 4051 2004 Theologia

1008 2028 1115 2103 vel
1165 2029 1543 2104 mediocres
1589 2027 1824 2102 fecerit
1865 2051 2270 2126 progressus
2316 2025 2553 2100 statim
2598 2025 3137 2114 animadvertet,
3187 2033 3529 2124 quantum
3575 2026 3665 2099 ab
3706 2051 3822 2112 ea,
3870 2051 4050 2123 quae

1005 2173 1416 2250 proavorum
1463 2156 1772 2246 tempore
1821 2146 2162 2220 exstiterit
2181 2205 2198 2234 ,
2249 2153 2519 2220 mutata
2565 2145 2675 2220 sit.
2778 2148 2980 2223 Quae
3028 2145 3216 2219 enim
3268 2153 3473 2220 antea
3521 2154 3645 2220 aut
3683 2145 4050 2244 philologis

1005 2276 1128 2344 aut
1197 2268 1621 2369 philosophis
1698 2265 2281 2366 permittebantur
2342 2265 2609 2354 studia,
2686 2291 2768 2340 ea
2828 2266 2969 2340 iam
3032 2265 3120 2339 ab
3192 2265 3361 2363 ipsis
3428 2265 3765 2364 theologis
3834 2266 4049 2340 excoli

1006 2395 1248 2486 coepta
1298 2393 1461 2460 sunt
1509 2393 1579 2459 et
1626 2385 1798 2460 adeo
1840 2383 2282 2482 inseparabili
2325 2408 2513 2458 nunc
2568 2384 2846 2486 yinculo
2888 2408 3049 2458 cum
3105 2384 3471 2482 disciplina
3521 2392 3755 2460 nostra
3802 2385 4045 2458 cohae-
4098 2411 4111 2420 ·

1001 2533 1148 2582 rere
1198 2507 1552 2594 videntur,
1603 2512 1682 2579 ut
1728 2505 1853 2603 qui
1901 2505 1976 2577 in
2023 2503 2159 2576 illis
2203 2505 2409 2601 plane
2452 2504 2543 2577 sit
2587 2504 2877 2602 hospeS,
2927 2530 3015 2579 ne
3068 2504 3375 2603 theologi
3430 2505 3714 2604 quidem
3766 2504 4048 2579 nomine

1005 2627 1262 2726 dignus
1299 2627 1450 2700 iure
1493 2624 1850 2724 habeatur.
1950 2622 2312 2696 Praeterea
2359 2649 2480 2697 eae
2530 2623 2931 2722 disciplinae
2976 2631 3207 2722 partes
3228 2684 3248 2712 ,
3301 2650 3477 2722 quas
3525 2633 3730 2699 antea
3770 2647 4049 2722 quoque

1004 2749 1223 2821 colere
1274 2737 1768 2821 consueverant
1810 2742 2154 2841 theologi,
2206 2749 2278 2815 et
2324 2743 2596 2817 ambitu
2645 2750 2715 2815 et
2760 2743 3162 2818 difficultate
3205 2743 3381 2818 adeo
3422 2769 3692 2818 crevere
3711 2802 3732 2833 ,
3786 2751 3866 2818 ut
3914 2742 4049 2816 nisi

1004 2889 1280 2940 summa
1344 2862 1655 2938 adhibita
1721 2861 1936 2936 animi
1987 2861 2369 2935 intentione
2416 2862 2489 2935 in
2535 2862 2621 2935 iis
2670 2863 2998 2960 proficere
3047 2888 3186 2937 non
3236 2863 3623 2952 valeamuS,
3692 2872 3903 2963 atque
3950 2863 4049 2938 sic

1001 2985 1211 3061 etiam
1254 2983 1572 3084 querelae
1616 2983 1703 3057 de
1747 2983 1926 3056 vitae
1974 2982 2322 3056 humanae
2372 2981 2708 3056 brevitate
2753 2980 2947 3056 locus
2994 2983 3311 3082 supersit.
3414 2985 3754 3083 Exempla
3801 2984 4043 3059 afferre

997 3112 1360 3205 propterea
1423 3127 2005 3203 supervacaneum
2075 3110 2180 3175 est
2199 3160 2218 3189 ,
2287 3103 2617 3201 quoniam
2668 3102 2984 3202 singulae
3038 3103 3267 3177 afferri
3316 3113 3605 3202 possent
3648 3104 4049 3203 disciplinae

999 3225 1424 3325 theologicae
1497 3233 1763 3323 partes:
1841 3232 1915 3297 at
1974 3223 2137 3296 inde
2202 3223 2412 3296 simul
2477 3231 2709 3321 patet,
2783 3249 2925 3298 non
2988 3224 3160 3297 adeo
3229 3224 3835 3322 reprehendendos
3897 3248 4047 3297 esse

999 3346 1395 3445 theologoS,
1467 3346 1590 3442 qui
1653 3369 1866 3417 unam
1931 3368 1968 3416 e
2039 3351 2186 3417 tota
2249 3341 2611 3441 disciplina
2673 3368 2797 3416 sua
2857 3342 2991 3416 sibi
3044 3344 3311 3441 eligant
3360 3351 3670 3442 partem,
3720 3344 3835 3417 cui
3884 3367 4045 3441 prae

1002 3464 1246 3543 ceteris
1317 3488 1596 3563 operam
1657 3469 1911 3536 navent
1966 3469 2037 3536 et
2095 3462 2167 3535 in
2227 3488 2368 3560 qua
2422 3463 2600 3535 vitae
2653 3488 2817 3537 suae
2866 3464 3068 3560 quasi
3104 3462 3635 3538 tabernaculum
3693 3462 4045 3538 collocent.

1003 3588 1168 3660 Iure
1205 3584 1491 3683 quidem
1541 3582 1628 3656 ab
1676 3608 1793 3672 e0,
1843 3582 1965 3681 qui
2011 3607 2498 3682 quamcunque
2545 3582 2829 3655 tandem
2876 3585 3244 3681 profitetur
3292 3584 3692 3672 scientiam,
3740 3582 4045 3682 postula·

1009 3730 1169 3781 mus
1191 3764 1211 3793 ,
1276 3711 1360 3777 ut
1409 3703 1481 3775 in
1533 3700 1726 3776 nulla
1793 3701 1942 3775 eius
1993 3710 2188 3801 parte
2235 3702 2441 3800 plane
2494 3703 2745 3801 hospes
2796 3703 2919 3776 sit:
2974 3712 3057 3777 ut
3099 3702 3173 3775 in
3222 3703 3552 3777 omnibus
3594 3703 3800 3776 idem·
3826 3701 4045 3776 valeat

1005 3825 1351 3925 postulare
1371 3882 1390 3911 ,
1459 3821 1886 3922 ignorantiae
1952 3829 2076 3896 est.
2199 3821 2613 3921 Theologiae
2664 3836 2898 3896 autem
2948 3830 3183 3921 partes
3207 3881 3225 3910 ‚
3278 3822 3502 3896 variae
3550 3822 3930 3896 admodum
3974 3829 4049 3893 et

1008 3945 1348 4031 diversae,
1371 4016 1376 4021 ,
1399 3941 1782 4017 arctissimo
1820 3941 2093 4016 vinculo
2135 3942 2316 4015 inter
2357 3966 2430 4016 se
2476 3941 2877 4031 cohaerent,
2927 3943 3187 4041 quippe
3226 3967 3405 4040 quae
3446 3967 3687 4015 omnes
3726 3934 4047 4016 coluntur

1009 4066 1149 4142 hoc
1194 4060 1509 4151 consilio,
1575 4071 1656 4135 ut
1699 4061 1964 4148 divina,
2032 4062 2232 4135 cuius
2280 4063 2338 4135 O
2357 4062 2693 4137 hristus
2744 4063 2946 4137 nobis
2993 4071 3233 4137 auctor
3278 4062 3545 4136 exstitit
3568 4120 3587 4149 ‚
3638 4062 3879 4159 religio
3924 4085 4043 4158 pe-

1011 4186 1202 4260 nitus
1263 4184 1691 4281 intelligatur
1755 4188 1826 4255 et
1896 4179 2294 4255 hominibus
2345 4181 2476 4257 rite
2526 4184 3082 4258 commendetur:
3146 4208 3389 4256 verum
3443 4206 3850 4267 commune,
3902 4204 4045 4279 quo

1009 4330 1249 4381 omnes
1318 4304 1744 4403 iunguntur,
1809 4300 2204 4389 vinculum,
2267 4302 2549 4376 minime
2610 4303 2946 4402 impedire
2999 4300 3424 4377 censendum
3470 4309 3615 4389 est,
3666 4300 4041 4398 quominus

1010 4426 1443 4525 disciplinam
1509 4423 1586 4495 in
1649 4428 1876 4520 partes
1945 4444 2105 4493 suas
2163 4420 2720 4510 distribuamus3·
2770 4423 2941 4520 quin
3005 4422 3237 4519 potius
3300 4421 3583 4519 quaevis
3624 4418 3789 4493 inde
3840 4426 3911 4493 et
3962 4418 4037 4491 in

1007 4546 1426 4645 theologiam
1491 4550 1563 4615 et
1625 4565 1785 4615 vero
1853 4539 1928 4612 in
1988 4539 2212 4639 ipsam
2271 4540 2675 4639 religionem
2732 4542 3203 4615 redundatura
3260 4566 3411 4614 esse
3461 4538 3825 4616 commoda
3872 4538 4035 4612 laeti

1010 4689 1454 4767 auguramur.
1555 4661 1656 4734 Ut
1717 4668 1951 4735 autem
2016 4658 2178 4735 huic
2241 4662 2735 4758 exspectationi
2794 4668 3083 4736 eventus
3145 4661 3593 4761 respondeat,
3655 4660 3797 4732 duo
3842 4680 4035 4756 prae-

1012 4786 1247 4861 sertim
1311 4785 1387 4856 in
1443 4781 1764 4880 theologo
1833 4782 2314 4880 requiruntur:
2377 4782 2703 4871 alterum,
2762 4808 2851 4857 ne
2909 4808 3245 4883 umquam
3296 4782 3596 4870 consilii,
3657 4780 3847 4881 quod
3892 4786 4043 4854 tota
