4766 6034
1868 635 2423 704 ORATIO.
2717 675 2770 752 ··
3578 639 3662 705 21

627 873 768 928 asa
820 846 1291 926 defensionem
1308 904 1329 935 ,
1397 867 1609 946 quam
1661 843 1750 919 ab
1799 845 2145 921 atrocibus
2187 845 2262 920 in
2321 870 2475 920 eam
2537 843 2861 920 coniectis
2918 845 3322 922 criminibus
3369 852 3441 921 et
3496 870 3657 921 con-

623 970 810 1046 viciis
867 967 1223 1070 purgavit,
1294 965 1504 1065 legite
1570 987 1782 1062 quam
1851 969 1998 1038 tam
2062 963 2306 1038 vividis
2353 963 2697 1039 coloribus
2742 964 3056 1066 depinxit
3111 967 3649 1042 Onnannsnmt-

623 1114 875 1166 vnnnn
911 1113 1226 1176 causam,
1267 1095 1348 1160 ut
1379 1085 1514 1186 ipsi
1561 1084 1949 1183 quaestioni
1987 1084 2372 1159 institutae¹
2394 1084 2723 1159 interesse
2766 1085 2967 1161 nobis
3010 1087 3371 1162 videamur
3389 1145 3410 1176 ,
3448 1087 3659 1187 legite

624 1235 798 1308 quae
849 1209 939 1284 de
980 1209 1425 1284 mens'rmo
1483 1204 1862 1304 disputavit
1897 1205 2006 1279 vel
2047 1203 2304 1304 quibus
2340 1206 2752 1279 Gmmnnm
2788 1207 3055 1296 Pana,
3105 1209 3279 1282 Iam
3316 1231 3411 1282 nn
3442 1207 3661 1281 W1r¹r

622 1330 729 1405 vel
782 1330 1366 1404 Smansun'rn
1411 1325 1650 1401 laudes
1698 1324 2046 1425 praedicat
2085 1331 2155 1399 et
2191 1324 2439 1400 merita
2486 1333 2825 1416 recenset3
2876 1352 3226 1428 nusquam
3264 1335 3663 1404 accuratum

625 1449 934 1524 studium
956 1506 976 1537 ,
1031 1471 1380 1546 nusquam
1426 1466 1656 1520 veram
1710 1470 1751 1517 e
1800 1452 2072 1544 pectore
2113 1451 2351 1520 notam
2402 1450 2475 1518 et
2520 1445 2979 1545 profluentem
3032 1448 3499 1548 eloquentiam
3542 1447 3661 1534 deff

627 1568 1014 1645 siderabitis
1032 1627 1053 1657 ,
1102 1576 1176 1643 et
1231 1565 1630 1642 iudicabitis
1699 1565 2027 1640 historiae
2078 1565 2340 1666 patriae
2392 1566 2705 1644 studium
2757 1568 2944 1644 illius
3004 1595 3211 1671 opera
3259 1570 3371 1645 vix
3431 1570 3667 1646 minus

622 1689 834 1766 fuisse
883 1696 1280 1788 promotum
1327 1711 1540 1787 quam
1591 1686 1872 1786 linguae
1922 1686 2447 1786 litterarumque
2495 1688 3113 1766 Neerlandicarum
3159 1691 3523 1766 culturam.

719 1808 1336 1884 considerantibus
1386 1831 1598 1907 quam
1643 1807 1958 1907 religiose
2012 1831 2298 1884 munere
2361 1808 2755 1885 academico
2812 1793 3401 1887 Smenunnnxms
3454 1810 3664 1886 fuerit

624 1930 942 2017 functus,
1015 1928 1131 2004 vix
1191 1926 1516 2004 credibile
1561 1926 1834 2004 videtur
1887 1936 2153 2004 tantum
2211 1929 2275 2004 ei
2318 1928 2443 2003 otii
2486 1929 2699 2004 fuisse
2744 1931 3087 2032 reliquum
3110 1991 3131 2022 ,
3202 1939 3283 2007 ut
3338 1931 3541 2006 variis
3590 1931 3665 2006 in

624 2051 846 2150 patria
897 2057 1132 2126 nostra
1156 2108 1176 2139 ,
1222 2049 1606 2124 litterarum
1653 2049 2274 2148 promovendarum
2329 2049 2553 2148 gratia
2588 2051 2885 2126 conditis
2904 2111 2925 2141 ‚
2970 2052 3305 2129 sodalitiis
3354 2053 3665 2152 aliquan-

497 2211 508 2234 ι
621 2179 772 2246 tum
819 2171 1073 2245 virium
1120 2175 1190 2244 et
1237 2169 1521 2270 pretiosi
1583 2171 1912 2268 temporis
1959 2170 2274 2245 dedicare
2323 2178 2577 2269 posset.
2680 2172 2942 2247 Tamen
2992 2173 3269 2250 illorum
3318 2174 3500 2249 inter
3558 2199 3664 2249 so-

623 2273 808 2366 dales
877 2314 1083 2365 nemo
1139 2287 1276 2363 fuit
1334 2313 1669 2388 umquam
1733 2290 1852 2365 illo
1900 2290 2318 2390 diligentior‘
2345 2290 2607 2389 quique
2651 2291 2813 2391 plus
2860 2293 3227 2370 contulerit
3280 2295 3372 2370 ad
3426 2319 3669 2370 eorum

629 2411 1026 2512 augendum
1094 2409 1369 2500 fiorem3
1433 2410 1506 2484 in
1571 2411 1681 2486 his
1733 2411 2131 2487 sodalitium
2197 2411 2475 2489 tuendis
2530 2417 2603 2486 et
2648 2413 3037 2489 excolendis
3085 2414 3330 2490 litteris
3383 2415 3625 2514 patriis
3644 2475 3663 2504 ,

621 2530 952 2632 Lugduni
1009 2531 1430 2606 Batavorum
1478 2529 1880 2606 institutum
1905 2591 1925 2622 ,
1976 2532 2176 2607 cuius
2225 2557 2349 2632 per
2404 2535 2498 2607 20
2550 2556 2767 2607 annos
2818 2540 2973 2610 acta
3024 2534 3337 2625 curavit,
3370 2527 3514 2637 ‘per
3570 2540 3661 2611 25

623 2651 1043 2751 praesidium
1109 2651 1328 2750 gessit
1347 2707 1366 2740 ,
1433 2649 1536 2725 illi
1585 2652 1957 2728 maximam
2015 2662 2281 2752 partem
2329 2651 2538 2729 debet
2586 2653 2776 2752 quod
2832 2661 2980 2730 tam
3025 2656 3205 2732 laete
3250 2646 3621 2764 effloruerit
3644 2717 3663 2747 ‚

621 2772 811 2871 quod
875 2780 1022 2847 tam
1089 2770 1512 2848 salutiferam
1581 2772 1961 2850 exercuerit
2027 2774 2164 2848 vim
2231 2774 2306 2850 in
2363 2773 2809 2850 excitandum
2852 2775 3238 2853 litterarum
3283 2778 3665 2878 patriarum

599 2892 934 2969 studium
981 2900 1052 2968 et
1099 2886 1423 2968 amorem.

717 3013 986 3114 Scripta
1048 3012 1546 3114 perlustrantes
1563 3074 1584 3105 ,
1657 3014 1746 3090 ab
1813 3013 1941 3090 hoc
1995 3013 2309 3090 sodalitio
2368 3013 2809 3115 promulgata
2830 3074 2851 3103 ,
2901 3017 3248 3114 permulta
3300 3015 3664 3095 invenietis

620 3134 708 3208 ab
752 3134 938 3209 illius
983 3159 1200 3209 manu
1248 3134 1556 3233 profecta
1576 3193 1596 3224 ‚
1658 3136 1730 3210 in
1782 3135 2042 3235 quibus
2093 3135 2399 3234 primum
2450 3134 2584 3209 sibi
2606 3182 2609 3187 -
2631 3134 2983 3211 vindicant
3024 3138 3252 3212 locum
3302 3136 3660 3214 defuncto-

619 3278 772 3328 rum
821 3254 1160 3329 sodalium
1202 3254 1292 3329 ab
1338 3279 1421 3329 eo
1472 3254 1852 3354 composita
1890 3254 2156 3355 Elogia.
2238 3256 2310 3328 N
2311 3254 2733 3329 eerlandicae
2775 3278 3051 3353 quoque
3068 3314 3088 3345 ,
3140 3280 3319 3355 quae
3370 3256 3660 3349 dicitur,

619 3372 974 3450 Haarlemi
1033 3374 1340 3451 florentis
1393 3375 1736 3452 societatis
1785 3400 1910 3474 per
1962 3374 2472 3475 quinquaginta
2521 3398 2739 3450 annos
2787 3399 2826 3448 e
2883 3375 3306 3476 gravissimis
3362 3376 3497 3451 fuit
3550 3403 3661 3454 so·

620 3492 908 3570 dalibus.
1008 3494 1126 3570 Ab
1175 3502 1470 3594 utroque
1517 3495 1833 3572 sodalitio
1854 3555 1875 3585 ‚
1928 3496 2307 3572 multorum
2351 3521 2904 3598 magnorumque
2953 3497 3353 3573 meritorum
3399 3499 3657 3599 gratia,

617 3602 906 3689 nummo
952 3639 1162 3689 aureo
1210 3623 1318 3691 est
1367 3615 1686 3692 donatus.
3548 3694 3553 3697 .

711 3735 830 3810 Ad
860 3734 1117 3811 civium
1153 3736 1589 3836 civitatisque
1627 3742 1812 3811 recte
1837 3736 2341 3835 procurandam
2383 3738 2679 3813 salutem
2719 3739 2975 3814 summi
2998 3764 3148 3814 esse
3176 3740 3546 3830 momenti,
3578 3748 3659 3815 ut

619 3853 884 3931 scholae
902 3914 923 3945 ,
947 3855 1020 3930 in
1042 3856 1306 3954 quibus,
1319 3856 1518 3956 pueri
1543 3855 1768 3956 prima
1795 3855 2179 3931 litterarum
2207 3856 2549 3934 elementa
2579 3858 2857 3934 discunt
2876 3919 2895 3948 ,
2925 3860 3056 3934 rite
3088 3860 3227 3933 sint
3252 3860 3613 3937 institutae
3632 3921 3653 3950 ,

620 3998 838 4081 quum
875 3976 1483 4053 Smenssnnxmu
1519 3975 1760 4076 fugere
1790 4000 1928 4051 non
1957 3985 2230 4077 posset,
2284 3977 2395 4052 his
2426 3979 3155 4080 quoquecorrigendis
3182 3988 3253 4056 et
3280 3980 3370 4055 ad
3393 3986 3653 4056 certam

615 4118 930 4170 normam
992 4095 1390 4196 redigendis
1453 4121 1577 4197 per
1645 4096 1927 4197 longam
2003 4120 2343 4172 annorum
2411 4098 2655 4173 seriem
2719 4123 2994 4174 summa
3059 4123 3224 4175 cum
3291 4100 3652 4199 diligentia

617 4215 1000 4303 consuluit,
1042 4239 1256 4314 quare
1292 4216 1629 4291 bonorum
1679 4216 1992 4291 omnium
2047 4216 2391 4317 suffragiis
2438 4218 2699 4317 optime
2742 4220 2829 4293 de
2877 4218 3099 4318 patria
3135 4225 3242 4294 est
3288 4221 3598 4294 meritus.

717 4335 1325 4411 Smennannnuu
1391 4338 1712 4413 iuvenem
1764 4338 2066 4413 vidimus
2111 4337 2186 4411 id
2237 4337 2680 4437 potissimum
2729 4338 3055 4413 habuisse
3117 4339 3192 4413 in
3237 4338 3605 4438 propositis
3627 4398 3648 4428 ,

618 4460 699 4529 ut
755 4454 1050 4530 idoneus
1112 4456 1308 4531 fieret
1365 4456 1556 4531 verbi
1614 4456 1832 4532 divini
1881 4458 2230 4549 minister,
2292 4481 2520 4557 neque
2539 4516 2559 4547 ,
2615 4482 2839 4557 quum
2888 4463 3157 4534 mutata
3214 4458 3393 4534 vitae
3440 4484 3649 4536 eausa

617 4572 706 4647 ad
791 4562 925 4649 alia
1000 4576 1231 4651 studia
1303 4576 1726 4666 transiisset,
1795 4600 2055 4653 munus
2124 4578 2434 4654 studiose
2497 4577 2663 4653 olim
2729 4576 3117 4678 appetitum
3185 4578 3647 4657 deserendum

617 4716 766 4767 esse
832 4700 1026 4770 ratus
1040 4752 1061 4784 ‚
1131 4720 1256 4794 per
1320 4699 1411 4771 25
1481 4720 1698 4771 annos
1743 4721 1992 4772 coram
2054 4698 2745 4801 Teleiobaptistarum
2806 4698 3091 4775 ecclesia
3144 4698 3221 4775 in
3288 4699 3417 4777 hac
3470 4700 3670 4777 urber

615 4815 889 4892 oracula
935 4814 1172 4893 divina
1217 4816 1418 4893 docte
1464 4823 1538 4893 et
1587 4817 1937 4917 eleganter
1981 4820 2332 4919 exposuit..
2480 4826 2491 4835 ‘
