4766 6034
1883 621 2436 690 ORATIO.
3551 618 3679 685 209

642 841 946 914 virorum
994 835 1373 913 sententiae
1412 834 1717 909 multum
1758 831 2073 907 tribuens
2095 892 2115 922 ,
2166 855 2372 906 suum
2415 839 2646 905 tamen
2681 836 3010 929 sequatur
3044 827 3402 901 iudicium.
3468 824 3683 904 Quod

640 970 713 1033 et
758 959 1061 1034 Frisium
1116 957 1311 1031 decet
1356 963 1427 1030 et
1475 954 1663 1029 Petri
1700 954 2053 1031 -Stinstrae
2101 962 2446 1052 nepotem.

738 1198 899 1272 Tibi
968 1220 1245 1296 quoque
1260 1255 1281 1284 ,
1348 1196 1781 1271 ornatissime
1852 1219 1981 1269 van
2052 1193 2490 1292 Wageninge
2511 1251 2530 1279 ,
2605 1193 2770 1267 haec
2839 1192 3172 1267 sollennia
3243 1190 3438 1263 valde
3518 1196 3683 1261 sunt
3764 1164 3774 1173 ⁶

637 1318 1033 1394 honorifica.
1156 1316 1365 1391 Cedis
1412 1315 1696 1415 quidem
1761 1313 2349 1390 commilitonibus
2367 1373 2386 1401 ‚
2461 1312 2581 1387 sed
2647 1312 2924 1413 egregio
2987 1312 3174 1386 cedis
3239 1318 3522 1386 ornatus
3575 1310 3680 1383 in-

641 1439 949 1513 dustriae
1002 1418 1393 1512 testimonio
1418 1494 1436 1525 ,
1488 1436 1675 1535 quod
1726 1436 2051 1534 equidem
2107 1434 2238 1509 tibi
2286 1460 2372 1509 ex
2423 1434 2828 1511 auctoritate
2876 1433 3311 1507 Medicorum
3362 1429 3640 1505 tradens
3662 1488 3681 1518 ‚

638 1562 713 1634 in
775 1558 949 1632 votis
1014 1582 1163 1632 esse
1224 1558 1486 1631 affirmo
1502 1616 1521 1645 ‚
1585 1564 1665 1630 ut
1715 1556 1791 1631 in
1832 1554 2165 1630 laudabili
2216 1553 2606 1630 studiorum
2653 1580 2862 1629 cursu
2905 1552 3215 1629 alacriter
3256 1576 3644 1653 perseveres
3666 1610 3684 1639 ‚

641 1703 936 1777 eamque
990 1677 1364 1777 aliquando
1421 1702 1620 1752 ornes
1688 1674 2120 1775 disciplinam
2140 1734 2161 1765 ,
2231 1700 2443 1773 quam
2507 1675 2697 1775 regia
2755 1676 2863 1749 via
2928 1674 3059 1750 coli
3119 1672 3334 1747 totius
3397 1673 3683 1747 interest

644 1798 965 1873 civitatis,

738 2040 1258 2137 Argumentum
1324 2045 1485 2111 tuae
1546 2038 2182 2123 commentationi&
2248 2037 2680 2111 ornatissime
2749 2034 3002 2135 Hagen
3057 2039 3113 2128 ι)
3140 2096 3158 2124 ,
3223 2062 3304 2110 ea
3372 2061 3530 2136 pars
3581 2041 3686 2108 est

640 2156 1013 2257 Euangelii
1063 2156 1397 2231 Iohannei
1417 2214 1436 2244 ‚
1486 2158 1685 2231 cuius
1733 2157 2142 2257 gravitatem
2188 2157 2528 2232 declarare
2574 2156 2765 2231 haud
2803 2181 3075 2256 possem
3125 2157 3186 2230 si
3232 2156 3512 2244 vellem,
3537 2156 3691 2232 ‚sed

640 2278 889 2353 vellem
943 2276 1251 2376 profecto
1292 2277 1352 2350 si
1394 2302 1690 2375 possem.
1791 2279 1877 2352 In
1914 2302 2066 2353 eam
2108 2286 2188 2351 ut
2228 2276 2616 2352 accuratius
2659 2276 3039 2375 inquireres
3058 2334 3078 2363 ‚
3129 2276 3291 2351 fecit
3353 2275 3690 2355 Quaestio

639 2397 1150 2495 Theologorum
1170 2454 1189 2485 ‚
1259 2396 1518 2495 quibus
1580 2405 1739 2471 tuos
1802 2422 2206 2497 progressus
2271 2398 2611 2497 placuisse
2666 2397 2796 2472 hoc
2847 2402 3180 2484 testatur,
3245 2421 3385 2495 quo
3433 2396 3521 2468 de
3568 2396 3688 2467 ho-

640 2517 927 2592 norifico
996 2541 1235 2591 eorum
1304 2516 1558 2592 iudicio
1612 2517 1843 2616 palam
1908 2525 2215 2607 constat,
2283 2517 2780 2593 testimonium.
2880 2516 2991 2591 Tu
3040 2524 3276 2591 autem
3327 2516 3399 2589 in
3452 2515 3560 2588 his
3602 2539 3690 2587 ne

654 2638 994 2714 consistas
1018 2696 1037 2725 ,
1090 2637 1213 2711 sed
1254 2636 1353 2711 ita
1396 2643 1467 2712 te
1508 2644 1740 2712 mente
1789 2638 2159 2738 animoque
2195 2637 2271 2713 in
2320 2662 2668 2712 sermones
2720 2648 3095 2738 precesque
3144 2636 3298 2712 illas
3345 2635 3654 2709 insinues
3673 2694 3694 2723 ,

650 2768 732 2833 ut
795 2765 1035 2833 coetus
1106 2757 1602 2847 Christianus,·
1644 2757 1849 2833 cuius
1894 2759 1965 2831 in
2008 2758 2238 2833 animo
2290 2758 2582 2833 scribere
2625 2766 2831 2833 tuum
2876 2758 3044 2847 erit,
3093 2758 3235 2832 tuis
3275 2782 3314 2831 e
3366 2754 3693 2831 sermoni·

646 2880 791 2953 bus
842 2886 911 2951 et
952 2900 1111 2951 vero
1156 2901 1193 2950 e
1237 2876 1377 2951 vita
1398 2878 1541 2951 'tua
1589 2878 1933 2977 suspicere
1980 2878 2279 2979 μεγάλα
2323 2877 2442 2952 illa
2481 2885 2868 2979 μυστήρια
2925 2878 3168 2955 discat.

749 3239 1049 3315 Traditis
1117 3238 1441 3337 praemiis
1507 3245 1855 3337 superest,
1886 3269 1893 3278 ·
1927 3246 2007 3313 ut
2070 3239 2486 3315 Academiae
2552 3241 3034 3340 magistratum
3099 3240 3174 3314 in
3234 3261 3695 3315 successorem

648 3360 997 3435 conferam
1018 3417 1038 3446 ,
1106 3357 1508 3432 Cornelium
1574 3359 1732 3432 Star
1788 3361 2095 3435 Numan.
2196 3359 2412 3435 Hunc
2464 3359 2689 3436 virum
2741 3361 2920 3436 Clar.
2965 3385 3002 3435 e
3053 3359 3244 3460 regia
3290 3359 3698 3436 auctoritate

649 3479 725 3554 in
791 3503 1057 3555 annum
1113 3477 1508 3578 proximum
1559 3477 1976 3553 Academiae
2031 3480 2520 3580 Groninganae
2572 3480 2938 3566 Rectorem
2992 3479 3452 3580 Magnificum
3505 3478 3658 3554 dico
3674 3537 3695 3566 ,

654 3600 985 3674 renuncio
1004 3657 1025 3686 ,
1076 3598 1439 3698 proclamo.

754 3721 953 3796 Salve
975 3777 994 3807 ‚
1068 3718 1169 3792 vir
1225 3717 1637 3817 Magnifice!
1730 3718 1830 3793 Te
1895 3706 2025 3794 ho'c
2095 3721 2373 3796 nomine
2440 3721 2766 3810 salutare,
2843 3721 3394 3823 condiscipulum
3455 3745 3694 3795 meum

652 3839 1121 3914 Traiectinum
1185 3845 1256 3911 et
1324 3845 1624 3912 veterem
1691 3838 1992 3912 sodalem
2012 3897 2031 3926 ‚
2101 3840 2305 3940 longe
2371 3841 2545 3915 mihi
2612 3849 2718 3916 est
2784 3840 3388 3918 iucundissimum.
3433 3923 3438 3928 ,
3507 3843 3694 3941 Ergo

656 3985 895 4034 eorum
955 3956 1291 4033 carissimi
1347 3956 1651 4032 Heusdii
1707 3957 2201 4057 discipulorum
2226 4019 2246 4049 ‚
2310 3985 2484 4059 quos
2535 3969 2695 4035 ante
2740 3961 2866 4035 hos
2917 3962 3202 4061 triginta
3245 3986 3463 4037 annos
3507 3985 3694 4035 com-

658 4079 892 4154 munis
931 4075 1284 4153 Plutarchi
1324 4101 1519 4151 amor
1556 4076 1847 4178 singulis
1885 4079 2166 4154 Saturni
2207 4079 2456 4153 diebus
2499 4080 2901 4155 suavissime
2937 4080 3199 4169 iunxit,
3249 4088 3388 4155 tres
3429 4081 3695 4180 experti

664 4201 928 4288 sciunt,
976 4242 1077 4260 --
1116 4206 1199 4271 tu
1248 4205 1484 4272 autem
1524 4197 1775 4273 iterum
1821 4198 1972 4297 ipsa
2015 4224 2088 4274 re
2126 4222 2498 4298 cognoscas
2518 4199 2724 4273 velim
2749 4241 2850 4260 —-
2875 4200 3162 4275 minime
3189 4204 3464 4289 deesse,
3517 4223 3696 4297 quae

754 4505 804 4586 ¹)
865 4507 1127 4581 Quaestio
1159 4507 1387 4569 Ordinis
1421 4510 1832 4588 Theologorum
1865 4511 2071 4592 prima:
2127 4489 2307 4586 Quum
2339 4509 2410 4571 de
2439 4509 2595 4570 omni
2623 4508 2852 4570 consilio
2889 4514 2945 4571 et
2975 4527 3140 4588 opere
3168 4526 3266 4566 suo
3299 4507 3380 4568 sic
3413 4507 3542 4569 1011.
3561 4526 3700 4569 xvn

672 4609 801 4678 ngat
860 4603 1017 4662 lesus
1072 4603 1352 4677 Christus,
1410 4611 1473 4665 ut
1524 4609 1731 4666 nullam
1780 4606 2033 4668 videatur
2076 4607 2259 4667 ideam
2310 4606 2380 4666 de
2433 4627 2495 4666 re
2547 4605 2862 4666 Christiana
2909 4605 3224 4686 primariam
3263 4623 3377 4664 non
3418 4603 3695 4682 attigisse,

674 4697 982 4775 quaeritur-z
1025 4718 1097 4758 aa
1135 4698 1216 4759 ibi
1256 4700 1423 4760 etiam
1464 4699 1535 4760 de
1574 4701 1769 4781 spiritu
1807 4711 1997 4764 sancto
2031 4705 2225 4764 fecerit
2255 4703 2634 4764 mentionem?
2672 4705 2836 4784 porro
2872 4703 2920 4763 si
2947 4700 3168 4775 iecerit,
3205 4721 3317 4782 qua
3347 4700 3456 4763 alia
3488 4700 3703 4762 ratione

667 4811 829 4870 quam
868 4792 999 4852 Iob.
1040 4797 1379 4855 xxv—xu?
1418 4793 1651 4876 denique
1668 4840 1685 4872 ,
1728 4796 1875 4860 unde
1912 4799 2052 4860 haec
2091 4798 2379 4861 diversitas
2420 4798 2494 4860 sit
2533 4797 2852 4881 explicanda
2866 4801 2894 4858 P

3225 4903 3321 4980 27
