4766 6034
1788 631 2341 704 ORATIO.
3453 641 3580 709 1⁷7

552 841 665 916 sui
711 839 1031 917 notitiam
1078 841 1427 942 adspirare
1466 847 1678 940 atque
1718 841 1809 916 ad
1850 843 2339 920 conscientiam
2385 841 2496 918 sui
2533 842 2936 942 pervenire?
3005 842 3263 921 Critica
3295 847 3578 924 omnino

552 969 659 1034 est
706 961 955 1037 aetatis
1000 967 1275 1038 nostrae
1318 961 1497 1038 ratio
1516 1019 1537 1050 ,
1587 985 2041 1062 severumque
2086 962 2425 1038 iudicium
2471 962 2548 1038 in
2597 969 2818 1039 semet
2863 961 3016 1063 ipsa
3060 973 3353 1044 exercet.
3679 945 3688 956 ‘

650 1079 1061 1158 Universum
1114 1081 1331 1181 igitur
1396 1081 1801 1158 societatum
1815 1137 1836 1170 ,
1906 1103 2084 1181 quae
2144 1107 2187 1156 e
2246 1089 2497 1160 natura
2547 1081 2846 1189 hominis
2868 1139 2890 1173 ,
2961 1085 3185 1183 qualis
3241 1086 3444 1162 nobis
3493 1114 3581 1162 ex

550 1199 987 1298 singulorum
1068 1200 1484 1302 populorum
1564 1200 1703 1277 vita
1768 1208 1979 1300 atque
2048 1201 2251 1276 variis
2308 1201 2488 1276 vitae
2557 1201 2866 1302 iurisque
2949 1206 3580 1282 necessitudinibus

550 1326 873 1418 apparet,
926 1327 1172 1419 sponte
1222 1320 1817 1410 redundaverunt,
1858 1319 2325 1398 conditionem
2342 1379 2365 1411 ,
2427 1329 2762 1421 tanquam
2803 1331 3176 1424 perpetuae
3227 1350 3576 1402 commen-

550 1438 837 1514 tationis
905 1440 1511 1541 meditationisque
1585 1439 1943 1516 materiem
2010 1439 2147 1516 sibi
2208 1465 2483 1516 sumere
2531 1439 2788 1516 debent
2841 1441 3309 1520 iureconsulti.
3421 1446 3582 1522 Hoc

470 1567 483 1582 ⁹
552 1557 737 1632 enim
804 1557 1039 1634 studio
1103 1583 1293 1635 nunc
1352 1560 1745 1637 continetur
1786 1559 2177 1636 divinarum
2218 1559 2337 1634 illa
2379 1560 2981 1661 humanarumque
3021 1587 3257 1640 rerum
3293 1565 3542 1641 notitia
3557 1623 3576 1655 ‚

550 1677 627 1750 in
676 1701 819 1776 qua
870 1678 1485 1778 iurisprudentiam
1528 1678 1781 1755 versari
1830 1679 1997 1754 olim
2038 1678 2524 1756 existimarunt
2565 1679 2716 1757 eius
2753 1679 3134 1758 antistites:
3189 1683 3305 1758 cui
3350 1684 3572 1760 officio

550 1796 1123 1895 praestantissimi
1172 1798 1301 1872 viri
1344 1799 1445 1874 its
1488 1797 1967 1874 satisfecerunt
2005 1806 2087 1873 ut
2124 1798 2582 1876 arctissimam
2635 1777 2846 1899 atque
2895 1800 3380 1878 inimitabilem
3427 1803 3572 1878 fere

554 1915 879 1991 scientiae
921 1917 1230 2016 artisque
1269 1917 1343 1992 in
1386 1917 1473 1992 iis
1526 1917 2083 1994 coniunctionem
2125 1941 2215 1992 ne
2260 1918 2578 1994 omnium
2623 1916 2910 2016 quidem
2949 1920 3376 1997 saeculorum
3415 1947 3573 2022 pos-

552 2035 791 2111 teritas
838 2037 1007 2112 satis
1054 2035 1379 2113 admirari
1420 2061 1623 2138 posse
1668 2035 2001 2112 videatur.
2112 2038 2448 2112 Attamen
2491 2060 2632 2112 non
2677 2036 2753 2112 in
2798 2037 2942 2114 solo
2985 2037 3136 2114 iure
3188 2039 3370 2116 civili
3413 2065 3576 2116 cau-

552 2153 735 2229 sisve
800 2154 1193 2232 forensibus
1260 2179 1521 2232 munus
1593 2155 2043 2232 iureconsulti
2112 2155 2456 2232 consistit:
2540 2180 2966 2257 quamquam
3033 2159 3184 2234 sine
3267 2169 3588 2236 scemata

552 2282 709 2350 tum
769 2274 1133 2351 hominum
1152 2333 1175 2365 ,
1240 2282 1397 2352 tum
1440 2275 1783 2352 societatis
1800 2333 1821 2364 ,
1876 2281 2029 2350 tum
2078 2299 2309 2351 rerum
2354 2275 2443 2350 de
2485 2275 2744 2374 quibus
2796 2275 3148 2374 agendum
3193 2285 3301 2352 est
3345 2281 3578 2378 cogni-

553 2394 743 2470 tione
759 2453 780 2483 ,
857 2416 985 2470 nec
1050 2403 1235 2471 recte
1305 2394 1395 2471 de
1450 2395 1600 2470 iure
1658 2394 2105 2494 respondebit
2174 2419 2404 2495 neque
2468 2394 2562 2470 ad
2623 2395 2736 2470 ius
2799 2396 3253 2472 excolendum
3311 2396 3580 2497 aliquid

554 2512 860 2589 conferre
932 2513 1207 2612 poterit.
1328 2513 1697 2592 Enimvero
1744 2515 1949 2616 longe
1990 2516 2193 2615 plura
2236 2522 2309 2589 et
2350 2514 2612 2591 maiora
2653 2512 2729 2588 in
2767 2514 2990 2613 patria
3027 2540 3307 2616 quoque
3345 2525 3582 2593 nostra

555 2633 646 2707 ab
708 2657 795 2708 eo
838 2632 1279 2732 postulantur
1300 2691 1321 2723 ‚
1380 2634 1511 2710 hoc
1553 2636 1706 2735 ipso
1748 2643 2059 2735 tempore
2106 2659 2247 2735 quo
2292 2635 2463 2711 haec
2502 2632 2804 2732 disputo.
2903 2634 3138 2710 Multa
3182 2637 3371 2712 enim
3417 2636 3585 2712 inde

554 2778 599 2825 a
666 2752 1001 2852 proximis
1062 2752 1263 2828 annis
1320 2755 1511 2855 apud
1576 2779 1705 2832 nos
1768 2763 2043 2832 mutata
2102 2763 2267 2832 sunt
2334 2754 2411 2830 in
2477 2752 2754 2852 imperii
2817 2751 3246 2830 ordinatione
3320 2781 3584 2833 rerum-

556 2894 695 2969 que
764 2870 1072 2946 civilium
1130 2873 1625 2971 procuratione.
1725 2877 1889 2956 Qua
1952 2875 2027 2950 in
2094 2897 2171 2948 re
2236 2874 2477 2974 procul
2543 2873 2761 2948 dubio
2811 2895 2974 2952 suas
3017 2882 3247 2974 partes
3295 2884 3591 2976 egerunt

556 2991 747 3068 haud
816 2992 1061 3093 pauci,
1119 2994 1243 3093 qui
1298 2993 1374 3069 in
1434 2992 1627 3071 omni
1686 2991 1963 3069 civitate
2025 2993 2248 3071 solent
2308 3017 2460 3069 esse
2505 3015 2838 3069 novarum
2895 3015 3130 3069 rerum
3173 2993 3412 3095 cupidi
3433 3055 3456 3086 ,
3511 2998 3626 3073 ut‘

554 3111 845 3187 aliorum
910 3136 1205 3211 regnum
1264 3114 1373 3189 vel
1420 3113 1780 3214 dignitatis
1831 3112 2243 3212 honorisque
2294 3113 2531 3188 sedem
2574 3121 3022 3210 occuparent,
3097 3138 3374 3190 summa
3429 3116 3590 3191 imis

554 3230 943 3307 miscerent.
1044 3232 1293 3307 Fateor
1312 3291 1335 3323 ,
1412 3231 1877 3309 diversissimo
1943 3232 2293 3333 proposito
2312 3290 2333 3321 ,
2401 3230 2526 3306 sed
2591 3238 2826 3307 tamen
2893 3232 3100 3309 multi
3166 3234 3336 3309 boni
3405 3234 3588 3311 cives

556 3349 844 3426 adducti
916 3356 1081 3425 sunt
1136 3352 1210 3425 in
1272 3376 1426 3427 eam
1470 3351 1866 3452 opinionem
1911 3360 1993 3427 ut
2037 3360 2362 3451 putarent
2416 3351 2508 3426 ad
2548 3350 3046 3449 rempublicam
3089 3351 3580 3431 administran-

557 3468 721 3543 dam
780 3468 1126 3545 vocandos
1178 3494 1329 3545 esse
1396 3471 1521 3572 qui
1574 3468 1939 3546 commoda
1956 3469 2129 3572 'eius
2177 3476 2388 3566 atque
2435 3468 2906 3543 emolumenta
2957 3468 3208 3543 melius
3247 3471 3589 3569 perspice-

558 3595 713 3664 rent
768 3596 983 3687 stque
1034 3598 1479 3689 procurarent
1526 3614 1741 3689 quam
1797 3588 1921 3687 qui
1991 3612 2145 3663 eam
2204 3588 2434 3664 adhuc
2495 3586 2892 3686 gessissent.
2989 3588 3239 3686 Itaque
3295 3597 3420 3663 aut
3463 3615 3594 3689 ego

560 3708 1003 3782 vehementer
1068 3708 1267 3785 fallor
1282 3766 1303 3799 ‚
1371 3718 1495 3785 aut
1549 3709 1683 3783 nisi
1742 3708 1989 3783 seriam
2040 3716 2112 3781 et
2178 3730 2484 3783 severam
2539 3690 2820 3806 operam
2871 3706 3041 3781 dent
3087 3706 3176 3783 iis
3225 3707 3556 3785 doctrinis
3571 3770 3592 3799 ,

560 3850 741 3925 quae
793 3826 885 3905 ad
937 3826 1153 3905 vitam
1206 3828 1527 3904 socialem
1568 3827 2115 3927 cognoscendam
2160 3826 2572 3926 legibusque
2605 3836 2676 3903 et
2708 3824 3050 3903 institutis
3091 3828 3599 3906 emendandam

562 3945 953 4045 pertinent,
1037 3970 1199 4021 eum
1274 3947 1500 4023 locum
1558 3971 1701 4023 non
1778 3946 2223 4023 sustinebunt
2296 3946 2746 4021 iureconsulti
2810 3969 3021 4044 quem
3103 3946 3180 4019 in
3261 3946 3595 4037 civitatis,

562 4050 925 4164 regionum
950 4122 973 4154 ‚
1063 4064 1345 4143 urbium
1426 4090 1904 4166 pagorumque
2004 4066 2341 4165 regimine
2415 4064 2643 4139 ubivis
2707 4064 2850 4139 fere
2917 4070 3080 4163 post*
3150 4063 3595 4140 imminutam

562 4182 833 4259 civilem
879 4183 1277 4261 clericorum
1323 4187 1799 4263 auctoritatem
1848 4186 2321 4261 obtinuerunt.
2391 4183 2788 4264 Quotannis
2827 4181 3015 4257 enim
3048 4181 3236 4280 leges
3258 4190 3594 4280 rogantur

567 4304 657 4377 de
698 4301 1123 4403 gravissimis
1164 4304 1461 4381 civitatis
1506 4305 1887 4383 commodis
1904 4362 1926 4394 ,
1972 4328 2175 4405 saepe
2226 4304 2315 4379 de
2362 4302 2452 4378 iis
2491 4327 2532 4378 e
2577 4300 2834 4402 quibus
2866 4300 3108 4400 populi
3127 4300 3312 4375 salus
3338 4325 3595 4401 magns

567 4448 655 4499 ex
709 4430 906 4521 parte
977 4422 1269 4523 pendet=
1338 4424 1481 4501 imo
1503 4483 1524 4515 ,
1592 4450 1682 4501 ne
1761 4424 2063 4501 hominis
2132 4422 2420 4523 quidem
2481 4430 2670 4499 aetas
2729 4420 3019 4497 sufficiet
3065 4418 3157 4495 ad
3209 4421 3598 4520 supplenda

566 4542 803 4618 omnia
858 4563 1038 4641 quae
1100 4542 1211 4618 lex
1278 4543 1367 4621 de
1434 4545 1724 4644 imperio
1770 4544 1939 4637 anni
1980 4565 2544 4647 ermocccgtnvnr
2589 4538 2998 4643 legislatoris
3036 4562 3240 4617 curae
3291 4538 3589 4639 reliquit.

570 4660 731 4737 Hae
772 4668 1009 4737 autem
1050 4662 1239 4762 leges
1286 4664 1599 4763 aliaeque
1642 4664 1907 4741 multae
1965 4688 2139 4762 quas
2188 4684 2539 4740 recensere
2582 4660 2724 4737 fere
2773 4658 3128 4737 infinitum
3173 4667 3280 4735 est
3299 4718 3322 4750 ‚
3385 4660 3594 4735 modo

572 4780 665 4855 ad
725 4804 808 4859 ea
856 4780 1301 4861 attendamus
1342 4806 1521 4888 quae
1566 4782 1879 4882 qnotidie
1930 4782 2409 4863 desiderantur
2427 4840 2450 4876 ,
2517 4781 2798 4861 inutiles
2845 4788 3018 4859 sunt
3069 4788 3141 4855 et
3191 4780 3600 4881 plerumque
