4766 6034
1071 629 1158 697 50
2254 631 2328 698 A.
2416 630 2924 698 KUENEN

1070 860 1234 936 ergo
1301 834 1374 910 in
1447 860 1684 912 eorum
1753 836 2056 912 oratione
2118 837 2459 937 distingui
2509 845 2739 938 potest
2782 839 3021 938 quasi·
3034 837 3492 914 elementum:
3544 839 3839 916 alterum
3894 843 4105 916 Grae-

1067 981 1230 1032 cum
1249 1014 1269 1045 ,
1328 957 1504 1031 illud
1564 981 1814 1056 nempe
1867 958 2060 1056 quod
2107 970 2244 1052 τῆς
2288 969 2556 1050 κοινῆς
2602 959 2881 1034 nomine
2929 959 3276 1058 designari
3320 959 3493 1034 solet
3507 1017 3527 1048 ,
3577 959 3654 1034 H
3656 959 4109 1036 ebraeo·Ara·

1066 1076 1368 1151 maicum
1426 1077 1741 1152 alterum.
1843 1079 2057 1157 Quod
2120 1079 2262 1154 iam
2325 1078 2415 1154 ab
2483 1078 2991 1178 antiquioribus
3044 1079 3484 1154 observatum
3533 1087 3678 1168 est,
3728 1080 3852 1180 qui
3896 1079 4111 1180 igitur

1066 1196 1140 1270 in
1180 1197 1272 1272 N.
1316 1197 1741 1272 Testamenti
1782 1198 2156 1297 interprete
2198 1199 2559 1298 aequalem
2606 1200 2969 1298 utriusque
3008 1199 3287 1300 linguae
3328 1200 3795 1298 cognitionem
3836 1223 4109 1274 summo

1063 1315 1214 1389 iure
1272 1316 1718 1414 requirerent.
1819 1320 1921 1394 At
1965 1319 2106 1394 iam
2158 1320 2398 1393 audire
2450 1319 2622 1394 mihi
2677 1319 2910 1394 videor
2966 1319 3495 1418 obloquentium
3547 1343 3745 1394 voces
3761 1377 3781 1406 ,
3830 1343 4107 1394 omnem

1062 1434 1700 1534 interpretationem
1761 1436 1862 1513 ita
1923 1438 2357 1537 pessumdari
2428 1439 3013 1513 existimantium:
3082 1440 3182 1515 ita
3250 1440 3507 1514 scilicet
3581 1440 3671 1513 de
3724 1439 3816 1514 N.
3868 1440 4107 1514 Testa-

1060 1562 1297 1630 mento
1340 1563 1725 1632 statuentes
1745 1615 1764 1646 ,
1814 1559 2222 1657 interpretes
2266 1559 2690 1657 antiquiores
2735 1583 2817 1632 eo
2859 1559 3251 1658 pervenisse
3297 1558 3632 1633 stultitiae
3652 1617 3673 1646 ‚
3722 1565 3805 1631 ut
3844 1558 4109 1632 nullam

1058 1675 1134 1749 in
1195 1675 1715 1776 interpretando
1782 1678 2193 1753 adhiberent
2247 1679 2679 1778 ἀκρίβειαν
2734 1686 2807 1752 et
2858 1679 2949 1752 ad
2998 1678 3481 1753 Hebraeorum
3532 1677 4109 1754 consuetudinem

1057 1805 1504 1895 provocantes
1526 1855 1547 1886 ,
1619 1798 1744 1872 uni
1811 1821 1874 1874 v.
1935 1825 1996 1873 c.
2061 1798 2437 1896 particulae
2487 1798 2909 1896 reliquarum
2958 1797 3273 1873 omnium
3321 1799 3707 1874 tribuerent
3763 1797 4103 1897 significa-

1058 1916 1303 1992 tiones,
1408 1917 1549 1992 Sed
1592 1919 1806 1993 nolite
1855 1919 2220 1993 exstimare
2242 1977 2261 2006 ,
2310 1919 2467 1992 AA.
2487 1977 2508 2007 ‚
2558 1942 2799 1994 eorum
2844 1944 2888 1994 a
2926 1941 3039 1992 me
3080 1919 3393 1993 renovari
3433 1943 3751 1993 errorem.
3834 1915 4109 1992 Scilicet

1057 2036 1232 2110 nihil
1301 2036 1556 2113 certius
1631 2046 1777 2127 est,
1853 2063 2064 2136 quam
2143 2039 2577 2138 sequendum
2645 2063 2797 2112 esse
2862 2036 3127 2136 ubique
3189 2038 3520 2137 loquendi
3576 2063 3825 2126 usum,
3885 2061 4107 2137 quum

928 2148 936 2158 ⁶
1058 2156 1386 2232 omnibus
1442 2181 1882 2232 communem
1905 2215 1926 2246 ‚
1989 2168 2146 2232 tum
2165 2217 2186 2247 ‚
2239 2159 2298 2232 si
2347 2158 2644 2232 discerni
2692 2157 2949 2256 possit,
3002 2157 3439 2257 singulorum
3490 2156 3865 2255 proprium.
3968 2157 4109 2230 Sed

1055 2276 1207 2350 fieri
1262 2277 1460 2353 aliter
1522 2278 1638 2352 vix
1705 2277 1968 2377 potuit,
2027 2279 2198 2377 quin
2259 2278 2485 2352 multa
2540 2278 2614 2352 in
2679 2301 2842 2352 eum
2904 2277 3283 2377 irreperent
3330 2276 3665 2352 vocabula
3710 2285 3782 2352 et
3832 2276 4107 2352 dicendi

1058 2396 1392 2472 formulae
1411 2457 1432 2487 ‚
1511 2422 1810 2498 quorum
1872 2398 2065 2472 notio
2135 2399 2271 2474 alia
2342 2407 2451 2473 est
2514 2422 2795 2498 prorsus
2854 2422 2935 2473 ac
2993 2397 3069 2472 in
3139 2421 3313 2496 pura
3386 2397 3775 2472 Graecitate
3795 2454 3816 2485 ‚
3885 2395 4110 2471 multa

1053 2516 1264 2592 etiam
1325 2543 1511 2624 'nova
1568 2519 1774 2618 plane
1841 2526 1913 2592 et
1974 2517 2327 2607 inaudita,
2396 2518 2537 2594 sive
2601 2519 2690 2593 ab
2756 2517 2926 2617 ipsis
2972 2515 3419 2616 scriptoribus
3476 2517 3784 2615 primum
3842 2517 4065 2590 efficta
4084 2573 4105 2604 ,

1055 2636 1197 2712 sive
1265 2663 1305 2713 e
1362 2638 1802 2738 popularium
1861 2664 1978 2714 ore
2035 2639 2355 2714 desumta
2424 2637 2705 2715 fuerint.
2804 2639 2959 2712 Iam
3012 2638 3179 2713 haec
3237 2636 3589 2735 quomodo
3642 2637 3801 2736 quis
3845 2645 3918 2710 et
3964 2635 4104 2709 dis-

1053 2764 1287 2832 cernet
1332 2765 1404 2832 et
1449 2757 2016 2858 interpretabitur
2033 2817 2054 2847 ,
2102 2758 2238 2832 nisi
2272 2758 2695 2832 Hebraicam
2730 2757 3044 2856 linguam
3086 2782 3305 2856 aeque
3337 2782 3417 2833 ac
3451 2759 3787 2832 Graecam
3818 2755 4103 2832 calleat?

1053 2877 1312 2976 Neque
1378 2878 1763 2978 periculum
1817 2888 1958 2967 est,
2028 2878 2086 2951 si
2130 2877 2589 2952 Hebraismos
2629 2878 2703 2951 in
2748 2878 2841 2954 N.
2900 2879 3343 2952 Testamento
3397 2877 3838 2977 agnoscimus
3892 2899 4103 2976 quam

1053 2996 1388 3098 plurimos
1408 3058 1428 3089 ,
1478 3025 1566 3075 ne
1605 2999 2094 3100 grammaticae
2135 2998 2514 3101 ἀκριβείᾳ
2555 3005 2915 3098 propterea
2945 2997 3036 3072 sit
3065 2997 3609 3075 valedicendum.
3677 2999 4105 3074 Accuratum

1050 3118 1238 3197 enim
1303 3120 1692 3199 Hebraicae
1765 3122 2048 3221 linguae
2110 3121 2425 3195 studium
2483 3144 2610 3195 nos
2672 3119 2947 3208 docuit,
3012 3118 3089 3195 in
3150 3144 3230 3194 ea
3281 3143 3422 3195 non
3476 3119 3703 3219 magis
3762 3141 3980 3218 quam
4026 3117 4103 3191 in

1053 3241 1295 3338 quavis
1347 3242 1482 3317 alia
1530 3242 1874 3317 incertum
1925 3250 1996 3317 et
2044 3242 2480 3318 vacillantem
2531 3266 2683 3316 esse
2725 3239 3057 3339 loquendi
3099 3263 3345 3315 usum:
3398 3239 3893 3339 particularum
3937 3261 4105 3336 ergo

1051 3360 1410 3459 enallagen
1431 3418 1454 3451 ,
1503 3386 1922 3460 omnemque
1945 3418 1966 3449 ,
2015 3369 2096 3436 ut
2146 3362 2356 3437 verbo
2404 3362 2629 3436 dicam
2649 3420 2668 3449 ,
2718 3360 3193 3436 confusionem
3241 3360 3428 3435 illius
3474 3384 3755 3461 quoque
3793 3357 4100 3434 indolem

1047 3501 1398 3578 respuere.
1497 3480 1712 3558 Quod
1767 3479 1828 3553 si
1867 3486 2061 3553 tenet
2107 3481 2445 3578 interpres
2465 3540 2485 3568 ‚
2534 3480 2769 3555 nullus
2815 3486 3047 3555 metus
3097 3488 3242 3569 est,
3292 3506 3381 3555 ne
3432 3478 3837 3579 Charybdin
3891 3478 4101 3553 vitare

1052 3596 1342 3696 cupiens
1397 3598 1471 3673 in
1521 3599 1816 3697 Scyllam
1863 3599 2156 3675 incidat:
2226 3600 2514 3675 habebit
2558 3600 2747 3674 enim
2792 3608 3055 3675 certum
3075 3658 3098 3690 ,
3161 3624 3375 3698 quem
3414 3598 3678 3698 ubique
3730 3608 4059 3698 sequatur
4076 3654 4097 3685 ‚

1051 3715 1388 3814 loquendi
1451 3742 1661 3792 usum
1679 3776 1700 3809 ,
1761 3718 1962 3793 cuius
2019 3728 2101 3794 ut
2154 3719 2256 3795 ita
2304 3719 2530 3795 dicam
2581 3720 3003 3796 elementum
3048 3727 3424 3818 utrumque
3469 3742 3690 3817 aeque
3740 3716 4097 3817 cognitum

1050 3834 1282 3911 habet.
3220 3830 3235 3839 ’

1152 3956 1338 4029 Sunt
1399 3955 1524 4056 qui
1578 3980 1856 4031 omnem
1908 3956 2202 4033 alicuius
2258 3956 2418 4032 libri
2465 3956 2990 4057 explicationem
3034 3955 3485 4056 grammatica
3534 3953 4095 4053 interpretatione

1049 4074 1390 4149 contineri
1449 4075 1864 4165 exstiment3
1931 4077 2048 4152 cui
2105 4078 2620 4177 adiungendam
2669 4102 2817 4152 esse
2861 4077 3256 4151 historicam
3276 4134 3295 4163 ‚
3363 4075 3567 4173 longe
3612 4073 3895 4173 plurimi
3936 4080 4095 4171 post

1052 4194 1536 4269 Semlerum
1587 4194 1892 4295 theologi
1933 4204 2269 4271 statuunt.
2373 4198 2615 4296 Specie
2671 4221 2830 4271 vero
2878 4197 3103 4297 magis
3148 4220 3361 4296 quam
3414 4220 3489 4268 re
3530 4193 3621 4269 ab
3663 4193 3800 4267 illis
3838 4192 3913 4267 hi
3953 4186 4107 4265 dis-'

1050 4312 1355 4401 cedunt;
1403 4312 1585 4388 inter
1633 4338 1876 4389 omnes
1923 4314 2108 4389 enim
2149 4322 2459 4404 constat,
2508 4316 2582 4390 in
2633 4315 2826 4390 nuda
2863 4316 3233 4389 verborum
3268 4313 3721 4413 explicatione
3761 4336 3900 4386 non
3942 4336 4091 4385 esse

1053 4432 1576 4508 subsistendum
1598 4489 1620 4522 ,
1669 4432 1847 4507 hanc
1900 4442 2138 4510 autem
2190 4433 2282 4509 ad
2326 4460 2437 4510 res
2456 4492 2476 4524 ,
2527 4458 2706 4534 quae
2750 4434 2978 4508 verbis
3024 4434 3533 4534 exprimantur,
3584 4431 4093 4532 perspiciendas

1050 4550 1237 4627 viam
1297 4550 1500 4627 nobis
1561 4552 1853 4630 munire.
1956 4554 2103 4634 Qui
2145 4580 2228 4629 eo
2267 4556 2495 4629 tendit
2543 4555 2637 4631 N.
2694 4555 3123 4629 Testamenti
3166 4554 3544 4653 interpres,
3592 4552 3863 4640 omnia,
3914 4574 4091 4649 quae

1052 4670 1130 4747 ln
1192 4694 1276 4745 eo
1325 4671 1789 4772 respiciuntur
1833 4698 1958 4749 seu
2007 4674 2189 4751 facta
2231 4676 2556 4751 historica
2604 4674 2744 4749 sive
2791 4674 3113 4750 instituta
3130 4732 3151 4763 ‚
3201 4683 3361 4774 apte
3404 4672 3780 4749 illustrabit
3818 4679 3891 4747 et
3934 4692 4089 4771 per-

1053 4797 1267 4891 petuo
1328 4792 1628 4869 auctoris
1691 4800 1764 4869 et
1821 4794 2153 4871 lectorum
2205 4796 2689 4873 auditorumve
2733 4818 3065 4895 personae
3108 4802 3181 4873 et
3216 4794 3547 4894 temporis
3582 4792 3921 4871 rationem
3966 4790 4087 4867 ha-
