4766 6034
983 667 1064 728 62
1942 659 2327 724 SERIES
2394 659 3052 726 LECTIONUM.

1177 867 1476 941 Selectas
1519 863 2018 939 demonstrabit
2059 865 2356 940 familias
2401 867 2749 942 naturales
2767 926 2788 955 ,
2834 867 3087 941 iisdem
3128 863 3376 940 diebus
3397 925 3417 954 ,
3472 925 3489 941 .
3546 925 3561 941 .
3680 867 3847 942 hora
3944 869 4007 940 I.

1173 987 1716 1063 Excursionibus
1749 987 2087 1062 botaniois
2118 987 2417 1086 praeerit
2450 988 2563 1062 die
2594 988 2875 1062 Saturni
2890 1046 2911 1076 ,
2946 993 3111 1087 apta
3132 993 3565 1085 tempestate.

1173 1110 1556 1184 Historiam
1605 1109 1999 1206 plantarum
2019 1168 2040 1197 ,
2086 1109 2354 1183 medica
2398 1109 2652 1184 virtute
2694 1107 3163 1207 praeditarum
3188 1165 3209 1194 ,
3250 1114 3323 1180 et
3351 1107 3569 1182 Phar-

1270 1228 1715 1329 macognosin
1762 1229 1963 1328 regni
2009 1229 2413 1328 vegetabilis
2462 1237 2535 1303 et
2580 1228 2898 1304 animalis
2917 1287 2937 1317 ,
3006 1230 3185 1303 duce
3232 1228 3567 1303 Pharma-

1263 1375 1516 1449 copaea
1575 1347 2036 1423 Neerlandica
2050 1408 2071 1437 ,
2138 1348 2391 1425 futuris
2454 1350 2975 1425 Pharmaceutis
3038 1349 3267 1423 tradet
3285 1409 3305 1436 ,
3378 1348 3565 1423 horis

1267 1467 1667 1542 commodis.

976 1590 1054 1664 P.
1106 1589 1187 1662 L.
1232 1588 1447 1662 Rrxn
1502 1587 1865 1684 Physicam
1921 1588 2530 1688 experimentalem
2578 1588 2892 1678 docebit,
2978 1589 3227 1664 diebus
3282 1590 3525 1664 Lunae
3544 1649 3565 1677 ,

1073 1708 1323 1784 Martis
1341 1767 1360 1797 ,
1410 1708 1738 1781 Mercurii
1756 1765 1777 1797 ,
1821 1707 2007 1782 Iovis
2051 1715 2122 1782 et
2162 1708 2455 1784 Veneris
2471 1766 3559 1798 ................
3832 1710 4009 1783 XII.

1173 1829 1282 1902 De
1334 1828 1662 1926 Physices
1714 1827 2058 1927 capitibus
2105 1827 2374 1904 selectis
2422 1827 2629 1904 latius
2673 1837 2745 1904 et
2784 1829 3009 1904 fusius
3048 1830 3371 1920 disseret,
3423 1830 3567 1904 die-

1267 1947 1403 2021 bus
1451 1950 1692 2023 Lunae
1740 1957 1812 2022 et
1859 1949 2230 2038 Mercurii,
2303 2007 3563 2026 ..................
3914 1949 4017 2024 X.

1168 2067 1532 2166 Physicam
1596 2068 2153 2144 mathematicam
2215 2071 2475 2158 tradet,
2542 2069 2790 2145 diebus
2830 2053 3075 2146 Lunae
3114 2078 3185 2144 et
3228 2070 3553 2159 Veneris,
3670 2065 3681 2074 ’
3795 2069 4009 2144 VIII.

1393 2308 1890 2383 FACULTAS
1940 2297 2673 2384 PHILOSOPHIAE
2722 2309 3409 2385 THEORETICAE
3455 2311 3581 2384 ΕΤ

1281 2451 1286 2456 ·
1808 2428 2391 2504 LITERARUM
2438 2427 3159 2506 HUMANIORUM.

967 2669 1069 2742 M.
1130 2668 1596 2742 Smennnnnx
1615 2727 1637 2758 ,
1686 2677 2046 2768 provectae
2073 2670 2332 2746 aetatis
2369 2695 2579 2746 causa
2612 2671 2787 2747 rude
2822 2671 3120 2747 donatus
3142 2730 3165 2762 ,
3212 2678 3563 2771 quantum

1064 2811 1188 2885 per
1232 2787 1409 2862 vires
1458 2786 1726 2878 licebit,
1779 2789 2128 2866 studiosae
2175 2791 2523 2868 iuventuti
2570 2792 2894 2892 prodesse
2940 2791 3325 2867 conabitur.

963 2908 1024 2981 Ι.
1079 2909 1294 2982 ΒΑΚΕ
1333 2908 1897 3010 interpretabitur
1933 2912 2196 2986 TACI'H
2237 2914 2579 3001 Annales,
2628 2919 2699 2986 et
2744 2911 3140 2989 Clonaoms
3198 2913 3567 3000 Verrium,

1059 3028 1308 3103 diebus
1354 3030 1596 3105 Lunae
1615 3090 1636 3121 ,
1684 3032 1936 3107 Martis
1983 3038 2055 3107 et
2102 3032 2434 3109 Mercurii
2456 3090 3550 3121 ................
3861 3032 4003 3106 IX.

1149 3150 1257 3224 Ex
1299 3151 2130 3252 Antiquitatibus'Attic-is
2170 3154 2420 3230 selecta
2452 3155 2679 3254 capita
2707 3153 3073 3243 tractabit,
3112 3154 3226 3229 die
3258 3153 3504 3229 Lunae
3524 3211 3544 3241 ,
3693 3153 3731 3225 I
3774 3158 3845 3227 et
3888 3153 3997 3227 II.

954 3273 1041 3346 A.
1087 3271 1436 3346 Romans
1485 3272 1788 3346 Insania
1847 3275 2196 3349 Vaticinia
2239 3284 2312 3349 et
2358 3275 2675 3350 Psalmoa
2724 3276 3013 3351 selectos
3062 3272 3549 3373 interpretabi-

1054 3398 1205 3479 tur,
1250 3390 1502 3465 diebus
1540 3391 1784 3471 Lunae
1831 3401 1904 3467 et
1947 3394 2198 3467 Martis
2208 3453 3535 3482 ...................
3831 3393 3945 3467 IX
3974 3454 3997 3483 ‚

1346 3518 1415 3583 et
1463 3510 1576 3585 die
1625 3511 1996 3601 Mercurii,
2069 3572 3246 3591 .................
3274 3574 3319 3613 ⁴.
3378 3572 3393 3589 .
3450 3572 3467 3589 .
3522 3572 3537 3589 .
3776 3512 3991 3587 VIII.

1150 3631 1454 3703 Alterum
1501 3630 1762 3730 Reyum
1807 3614 2087 3707 libram
2130 3634 2437 3709 cursoria
2472 3634 2761 3709 lectione
2800 3644 3091 3711 tractare
3132 3644 3373 3736 perget
3418 3634 3531 3708 die

1245 3750 1497 3823 Martis
1513 3809 3537 3838 .............................
3902 3756 3939 3827 I
3964 3814 3987 3840 ‚

1345 3852 1417 3942 et
1465 3868 1578 3942 die
1624 3870 1847 3958 Iovis,
1926 3929 3241 3949 ...................
3258 3906 3314 3947 -.
3370 3934 3385 3948 .
3443 3932 3459 3947 .
3516 3933 3529 3947 .
3804 3871 3982 3947 XII.

1144 3988 1617 4087 Antiquitates
1668 3990 2138 4065 Israelitarum
2193 3991 2604 4091 explicabit,
2663 3992 2909 4066 diebus
2951 3992 3230 4079 Lunae,
3292 3992 3541 4065 Martis

1242 4117 1314 4182 et
1360 4110 1691 4184 Mercurii
1706 4168 3539 4198 ..........................
3809 4110 3988 4185 XII.

1144 4230 1686 4305 Grammaticam
1737 4230 2156 4305 Sanscritam
2203 4232 2517 4322 docebit,
2577 4240 2649 4306 et
2696 4231 3275 4307 Mahabharatam
3322 4232 3536 4330 expli-

1239 4374 1394 4423 care
1441 4357 1718 4448 perget,
1769 4349 1882 4423 die
1935 4351 2215 4425 Saturni
2228 4409 3530 4439 ...................
3672 4354 3707 4425 Ι
3755 4362 3822 4426 et
3872 4354 3979 4429 II.

949 4467 1027 4540 Τ.
1103 4468 1188 4542 G.
1258 4468 1317 4541 Ι.
1387 4469 1766 4543 Iurnnom.
1831 4468 2184 4543 Sermonis
2247 4468 2555 4544 Hebraei
2620 4472 2963 4547 elementa
3026 4472 3294 4559 tradet,
3378 4496 3539 4546 cum

1047 4586 1518 4662 Grammatica
1559 4588 1966 4686 explicanda
1982 4647 2001 4676 ,
2051 4598 2206 4661 tum
2249 4588 2609 4686 analyticis
2648 4590 3013 4665 Exercitiis
3047 4590 3489 4664 moderandis
3509 4650 3529 4677 ,

903 4702 908 4705 ’
1050 4703 1300 4780 diebus
1343 4706 1586 4781 Lunae
1603 4765 1624 4795 ,
1666 4707 1920 4783 Martis
1958 4714 2030 4781 et
2079 4707 2409 4791 Mercurii
2431 4767 3523 4796 ................
3744 4710 3927 4785 VIII
3958 4773 3983 4801 ‚

1345 4834 1415 4899 et
1463 4825 1574 4904 die
1623 4826 1851 4919 Iovis,
1915 4886 1936 4903 .
1989 4884 2011 4903 .
2064 4888 2066 4891 >
2067 4885 3531 4909 .....................
3912 4832 3983 4907 I.
