4766 6034
1177 631 1266 698 ιε
2247 631 2314 694 F.
2397 630 2479 697 G.
2562 577 3147 697 Kalliena

1179 837 1354 913 adeo
1399 837 1790 936 placuerat,
1841 843 1922 912 ut
1977 861 2126 913 rem
2171 837 2350 913 bene
2392 845 2659 938 gestam
2708 838 2775 913 ei
2814 838 3231 939 gratulaturi
3268 845 3685 940 gratumque
3724 843 4037 920 animum
4069 855 4185 922 tes-

1176 955 1502 1032 tificaturi
1518 1014 1537 1043 ,
1587 978 1821 1030 annuo
1865 955 2114 1032 salario
2133 1012 2156 1044 ‚
2202 956 2705 1057 professoribus
2745 957 2973 1034 offerri
3024 959 3223 1034 solito
3242 1018 3263 1049 ,
3312 959 3749 1060 aliquantum
3794 964 4133 1043 adderent.

1274 1077 1483 1151 Anno
1567 1075 1754 1150 1811
1839 1077 2428 1154 Smeannnnxms
2508 1078 2969 1155 recentiorum
3040 1078 3427 1154 litterarum
3492 1079 3817 1157 historiae
3874 1085 4189 1182 professor

1177 1197 1575 1272 nominatus
1627 1204 1840 1296 atque
1883 1197 2129 1278 eodem
2175 1197 2318 1273 fere
2367 1206 2677 1299 tempore
2724 1224 2868 1275 una
2910 1223 3073 1276 cum
3114 1199 3723 1276 Wrrrnnnacmo
3768 1203 4048 1280 Artium
4088 1205 4185 1280 Li-

1179 1318 1520 1393 beralium
1571 1318 1913 1418 Magister
1956 1324 2028 1392 et
2068 1318 2553 1420 Philosophiae
2605 1322 2867 1396 Doctor
2914 1319 3191 1396 honoris
3240 1345 3449 1396 causa
3490 1331 3763 1398 creatus
3806 1333 3935 1399 est.

1271 1439 1651 1514 Academia
1712 1439 2095 1514 instaurata
2161 1439 2390 1517 eidem
2466 1441 2817 1518 docendae
2890 1441 3213 1516 historiae
3277 1439 3539 1539 patriae
3598 1465 3859 1518 munus
3920 1451 4027 1519 est
4086 1446 4185 1520 de-

1171 1561 1604 1638 mandatum.

1269 1683 1480 1755 Anno
1551 1683 1740 1754 1825
1769 1738 1790 1766 ,
1855 1705 2076 1777 quum
2141 1680 2660 1756 ducentesimus
2722 1680 3345 1780 quinquagesimus
3416 1688 3737 1780 ageretur
3820 1705 4045 1756 annus
4117 1709 4189 1758 ex

1173 1829 1311 1901 quo
1376 1803 1546 1876 haec
1617 1801 1978 1876 Leidensis
2039 1800 2419 1876 Academia
2482 1808 2665 1875 esset
2720 1800 3001 1876 condita
3021 1858 3044 1891 ,
3113 1799 3739 1889 Smannsnnxms,
3786 1802 4189 1877 certantibus
4242 1839 4249 1848 ·

1171 1923 1500 1997 omnibus
1520 1981 1539 2010 ,
1611 1929 1691 1996 ut
1749 1923 1934 1997 diem
2005 1946 2219 2021 quam
2277 1921 2580 1996 maxime
2624 1920 2991 1996 redderent
3038 1920 3297 1995 festum
3344 1929 3415 1993 et
3466 1919 3843 1996 solemnem
3861 1980 3882 2009 ,
3934 1922 4187 2020 symbo-

1173 2044 1322 2117 lum
1362 2067 1500 2116 non
1547 2041 1990 2130 detrectavit,
2041 2042 2165 2116 sed
2209 2041 2299 2116 ad
2340 2041 2744 2140 augendum
2786 2040 2925 2115 diei
2978 2040 3415 2138 splendorem
3458 2041 3791 2128 contulit,
3830 2043 4189 2140 composito

1173 2163 1478 2237 carmine
1515 2163 1723 2261 lyrico
1764 2163 1998 2238 latino.
2051 2164 2291 2262 Atque
2327 2163 2459 2238 hoc
2495 2162 2741 2238 eodem
2784 2161 2919 2235 fuit
2962 2159 3073 2236 die
3094 2220 3113 2248 ,
3163 2185 3305 2260 quo
3336 2159 3645 2256 primum
3679 2160 3807 2234 viri
3852 2161 4190 2236 clarissimi

1169 2291 1479 2356 mentem
1547 2282 1764 2357 subiit
1829 2283 2160 2381 cogitatio
2208 2283 2297 2357 de
2344 2281 2709 2358 scribenda
2751 2280 3166 2356 Academiae
3212 2280 3573 2356 Leidensis
3622 2280 3929 2356 historia.
4026 2282 4189 2356 Rem

1168 2427 1526 2502 operosam
1563 2427 1726 2477 sane
1771 2410 1841 2476 et
1898 2403 2102 2477 variis
2145 2402 2675 2478 difficultatibus
2714 2402 3121 2502 implicitam
3162 2401 3263 2476 ita
3300 2401 3494 2476 brevi
3536 2409 3845 2500 tempore
3884 2400 4187 2486 absolvit,

1165 2532 1248 2597 ut
1343 2531 1740 2598 accuratum
1841 2521 2154 2596 studium
2251 2546 2739 2622 summamque
2814 2531 2887 2596 et
2956 2521 3349 2620 religiosam
3418 2521 3933 2622 perscrutandis
4002 2520 4189 2598 rebus
4324 2587 4333 2604 ,

1165 2643 1736 2741 temporibusque
1802 2642 2116 2718 obscuris
2179 2643 2571 2742 impensam
2638 2666 2921 2743 operam
2982 2666 3223 2718 omnes
3298 2642 3787 2719 admirabundi
3858 2641 4186 2742 praedica·

1167 2764 1409 2840 verint.
1509 2763 1753 2837 Nostis
1808 2787 1985 2862 opus
2004 2822 2027 2852 ,
2094 2763 2511 2838 Auditores!
2580 2786 2807 2862 neque
2870 2761 3197 2861 cuiquam
3255 2763 3471 2862 probe
3530 2763 3855 2862 ignotum
3898 2769 4007 2837 est
4025 2820 4047 2852 ,
4090 2759 4190 2836 cui

1164 2883 1583 2960 Academiae
1633 2891 1906 2958 nostrae
1955 2884 2140 2958 salus
2189 2907 2395 2958 curae
2434 2890 2569 2957 est.

1259 3006 1471 3081 Anno
1550 3007 1738 3081 1842
1813 3005 1988 3080 rude
2067 3004 2368 3081 donatus
2426 3009 2534 3078 est
2551 3062 2571 3093 ,
2644 3028 2773 3078 nec
2832 3009 3065 3078 tamen
3134 3004 3489 3081 studiosae
3541 3003 3889 3081 iuventuti
3905 3063 3926 3094 ,
3979 3001 4189 3103 quoad

1103 3202 1112 3209 ,
1162 3126 1340 3201 vires
1412 3128 1754 3215 sinerent,
1829 3126 2154 3225 prodesse
2217 3124 2445 3201 desiit.
2577 3126 2943 3203 Quantum
3004 3124 3079 3199 in
3140 3150 3223 3201 eo
3296 3133 3647 3225 superstes
3729 3130 3913 3201 esset
3995 3122 4189 3201 animi

1161 3247 1376 3321 robur
1393 3306 1412 3335 ,
1463 3253 1890 3345 quantopere
1933 3246 2200 3345 ingenii
2240 3244 2605 3320 facultates
2650 3243 2991 3319 senectuti
3036 3268 3181 3319 non
3234 3253 3465 3321 essent
3510 3246 3767 3323 fractae
3784 3302 3807 3332 ,
3857 3244 4187 3320 luculento

1161 3368 1467 3442 ostendit
1549 3365 1899 3463 exemplo,
1975 3389 2198 3464 quum
2218 3424 2238 3453 ,
2317 3364 2798 3465 quinquennio
2864 3372 3059 3463 post,
3128 3390 3272 3465 quo
3322 3366 3437 3441 die
3486 3366 3995 3466 quinquaginta
4044 3372 4185 3441 ante

1163 3489 1364 3563 annis
1425 3485 1824 3586 professoris
1879 3510 2140 3563 munus
2198 3486 2446 3561 inierat
2494 3486 2871 3559 solemnem
2918 3484 3167 3561 habuit
3210 3486 3614 3561 Orationem
3658 3488 3744 3561 de
3778 3487 4185 3563 inor-emensis

1161 3634 1338 3707 quae
1387 3610 1588 3681 annis
1632 3610 2124 3707 quinquaqinta
2167 3610 2477 3705 prooeime
2528 3607 2783 3703 elapsis
2832 3608 3125 3681 studium
3172 3609 3353 3705 cepit
3402 3608 3813 3681 litterarium
3866 3604 4181 3681 Neerlan-

1161 3730 1404 3802 dicum.
1504 3726 1707 3801 Clara
1759 3734 1832 3801 et
1876 3726 2204 3803 distincta
2254 3751 2417 3801 voce
2460 3725 2771 3801 recitavit
2816 3750 2995 3824 quae
3036 3734 3351 3801 accurate
3390 3726 3693 3825 cogitata
3737 3732 3810 3801 et
3856 3724 4183 3824 eleganter
4220 3714 4231 3721 ’

1166 3854 1362 3922 erant
1428 3847 1802 3922 enucleata.
1904 3847 2324 3946 Progressus
2346 3906 2365 3936 ‚
2432 3869 2607 3943 quos
2660 3846 2824 3921 inde
2880 3872 2968 3922 ex
3014 3847 3382 3945 superioris
3432 3845 3687 3923 saeculi
3736 3847 3877 3923 fine
3922 3846 4181 3945 linguae

1163 3977 1238 4043 et
1279 3968 1658 4043 litterarum
1715 3992 1858 4044 non
1903 3968 2139 4043 minus
2186 3991 2399 4066 quam
2442 3965 2765 4043 historiae
2804 3973 2877 4041 et
2918 3967 3419 4066 antiquitatum
3458 3968 3837 4067 patriarum
3886 3966 4179 4043 studium

1164 4089 1472 4179 fecisset,
1515 4088 1756 4163 eadem
1796 4088 2240 4164 adumbravit
2280 4087 2676 4187 eloquentia
2713 4096 2785 4162 et
2826 4088 3193 4177 suavitate,
3230 4112 3371 4187 qua
3402 4087 3568 4163 inde
3610 4088 3699 4163 ab
3746 4070 4182 4163 adolescentia

1158 4209 1590 4286 inclaruerat.
1657 4210 1905 4287 ,Festo
1951 4208 2082 4283 hoc
2135 4206 2248 4282 die
2301 4209 2613 4308 undique
2666 4208 2815 4283 seni
2859 4207 3231 4283 venerabili
3257 4208 3507 4283 amoris
3534 4206 4179 4303 existimationisque

1161 4330 1512 4404 luculenta
1579 4326 1812 4403 oblata
1884 4334 2050 4401 sunt
2117 4326 2532 4403 documenta
2549 4384 2568 4413 ,
2638 4325 2711 4399 in
2766 4316 3031 4423 'quibus
3090 4325 3317 4425 primo
3370 4325 3517 4403 loco
3582 4325 4041 4401 recensendus
4086 4334 4179 4399 est

1159 4472 1496 4523 nummus
1569 4472 1856 4534 aureus,
1910 4471 1952 4520 a
2012 4446 2208 4547 Rege
2255 4446 2633 4523 Guilielmo
2676 4445 2978 4521 secundo
3040 4446 3185 4521 viro
3229 4446 3317 4521 de
3364 4447 3607 4547 patriis
3647 4444 3893 4521 litteris
3934 4444 4177 4544 optimc

1161 4568 1412 4642 merito
1479 4565 1946 4643 transmissus.
2045 4566 2555 4666 Angustissimi
2616 4566 2835 4665 Regis
2882 4564 3241 4641 Guilielmi
3293 4566 3503 4665 primi
3546 4566 3785 4655 iussu,
3844 4565 3973 4664 qui
4014 4572 4177 4641 artes

1160 4685 1564 4785 litterasque
1633 4685 1967 4784 singulari
2027 4686 2260 4762 favore
2326 4684 2877 4786 prosequebatur
2892 4742 2915 4774 ‚
2980 4686 3123 4763 iam
3188 4692 3392 4762 antea
3450 4686 3703 4763 Leonis
3754 4686 3827 4761 N
3828 4681 4177 4761 eerlandici

1155 4805 1512 4903 equitibus
1559 4804 1788 4881 fuerat
1832 4804 2242 4905 adscriptus.
