<?xml version="1.0" encoding="UTF-8"?>
<!DOCTYPE html PUBLIC "-//W3C//DTD XHTML 1.0 Transitional//EN"
    "http://www.w3.org/TR/xhtml1/DTD/xhtml1-transitional.dtd">
<html xmlns="http://www.w3.org/1999/xhtml" xml:lang="en" lang="en">
 <head>
  <title>
</title>
<meta http-equiv="Content-Type" content="text/html;charset=utf-8" />
  <meta name='ocr-system' content='tesseract 3.04.00' />
  <meta name='ocr-capabilities' content='ocr_page ocr_carea ocr_par ocr_line ocrx_word'/>
</head>
<body>
  <div class='ocr_page' id='page_1' title='image "annalesacademic02confgoog_0307.png"; bbox 0 0 4766 6034; ppageno 0'>
   <div class='ocr_carea' id='block_1_1' title="bbox 1861 658 3659 730">
    <p class='ocr_par' dir='ltr' id='par_1_1' title="bbox 1861 658 3659 730">
     <span class='ocr_line' id='line_1_1' title="bbox 1861 658 3659 730; baseline -0.002 -2"><span class='ocrx_word' id='word_1_1' title='bbox 1861 658 2427 730; x_wconf 77' lang='lat' dir='ltr'>ORATIO.</span> <span class='ocrx_word' id='word_1_2' title='bbox 3578 659 3659 726; x_wconf 86' lang='lat'><strong>15</strong></span> 
     </span>
    </p>
   </div>
   <div class='ocr_carea' id='block_1_2' title="bbox 613 864 3667 4947">
    <p class='ocr_par' dir='ltr' id='par_1_2' title="bbox 628 864 3663 1068">
     <span class='ocr_line' id='line_1_2' title="bbox 629 864 3663 970; baseline 0.001 -28"><span class='ocrx_word' id='word_1_3' title='bbox 629 869 1050 948; x_wconf 66' lang='lat' dir='ltr'><strong>ethonestatis</strong></span> <span class='ocrx_word' id='word_1_4' title='bbox 1072 929 1092 960; x_wconf 91' lang='lat'><strong>,</strong></span> <span class='ocrx_word' id='word_1_5' title='bbox 1183 867 1549 969; x_wconf 77' lang='lat' dir='ltr'><strong>probitatis</strong></span> <span class='ocrx_word' id='word_1_6' title='bbox 1649 878 1722 944; x_wconf 91' lang='lat' dir='ltr'><strong>et</strong></span> <span class='ocrx_word' id='word_1_7' title='bbox 1825 869 2303 970; x_wconf 84' lang='lat' dir='ltr'><strong>cuiuscunque</strong></span> <span class='ocrx_word' id='word_1_8' title='bbox 2410 865 2683 942; x_wconf 85' lang='lat' dir='ltr'><strong>virtutis</strong></span> <span class='ocrx_word' id='word_1_9' title='bbox 2759 864 3063 944; x_wconf 76' lang='lat' dir='ltr'><strong>officium</strong></span> <span class='ocrx_word' id='word_1_10' title='bbox 3138 865 3663 966; x_wconf 88' lang='lat' dir='ltr'><strong>exsequendum</strong></span> 
     </span>
     <span class='ocr_line' id='line_1_3' title="bbox 628 989 1394 1068; baseline 0.001 -6"><span class='ocrx_word' id='word_1_11' title='bbox 628 991 886 1068; x_wconf 78' lang='lat' dir='ltr'><strong>nanimi</strong></span> <span class='ocrx_word' id='word_1_12' title='bbox 934 989 1394 1068; x_wconf 86' lang='lat' dir='ltr'><strong>excitentur.’&#39;</strong></span> 
     </span>
    </p>

    <p class='ocr_par' dir='ltr' id='par_1_3' title="bbox 615 1109 3667 2414">
     <span class='ocr_line' id='line_1_4' title="bbox 715 1109 3661 1212; baseline -0.002 -21"><span class='ocrx_word' id='word_1_13' title='bbox 715 1113 920 1191; x_wconf 88' lang='lat' dir='ltr'><strong>Quae</strong></span> <span class='ocrx_word' id='word_1_14' title='bbox 984 1112 1110 1212; x_wconf 89' lang='lat' dir='ltr'><strong>qui</strong></span> <span class='ocrx_word' id='word_1_15' title='bbox 1167 1114 1476 1185; x_wconf 77' lang='lat' dir='ltr'><strong>senserat</strong></span> <span class='ocrx_word' id='word_1_16' title='bbox 1531 1115 1602 1183; x_wconf 92' lang='lat' dir='ltr'><strong>et</strong></span> <span class='ocrx_word' id='word_1_17' title='bbox 1648 1109 1920 1187; x_wconf 89' lang='lat' dir='ltr'><strong>locutus</strong></span> <span class='ocrx_word' id='word_1_18' title='bbox 1961 1117 2148 1199; x_wconf 87' lang='lat' dir='ltr'><strong>erat,</strong></span> <span class='ocrx_word' id='word_1_19' title='bbox 2212 1109 2372 1209; x_wconf 91' lang='lat' dir='ltr'><strong>quis</strong></span> <span class='ocrx_word' id='word_1_20' title='bbox 2424 1109 2849 1208; x_wconf 86' lang='lat' dir='ltr'><strong>praeclarum</strong></span> <span class='ocrx_word' id='word_1_21' title='bbox 2916 1109 3413 1210; x_wconf 82' lang='lat' dir='ltr'><strong>egregiumque</strong></span> <span class='ocrx_word' id='word_1_22' title='bbox 3462 1109 3661 1185; x_wconf 88' lang='lat' dir='ltr'><strong>illum</strong></span> 
     </span>
     <span class='ocr_line' id='line_1_5' title="bbox 625 1229 3663 1331; baseline -0 -26"><span class='ocrx_word' id='word_1_23' title='bbox 625 1231 832 1308; x_wconf 86' lang='lat' dir='ltr'><strong>fuisse</strong></span> <span class='ocrx_word' id='word_1_24' title='bbox 883 1233 1116 1307; x_wconf 86' lang='lat' dir='ltr'><strong>virum</strong></span> <span class='ocrx_word' id='word_1_25' title='bbox 1152 1231 1472 1305; x_wconf 88' lang='lat' dir='ltr'><strong>dubitare</strong></span> <span class='ocrx_word' id='word_1_26' title='bbox 1513 1231 1818 1329; x_wconf 74' lang='lat' dir='ltr'><strong>poterit?</strong></span> <span class='ocrx_word' id='word_1_27' title='bbox 1919 1231 2153 1331; x_wconf 83' lang='lat' dir='ltr'><strong>Atque</strong></span> <span class='ocrx_word' id='word_1_28' title='bbox 2195 1230 2411 1305; x_wconf 90' lang='lat' dir='ltr'><strong>fuisse</strong></span> <span class='ocrx_word' id='word_1_29' title='bbox 2446 1230 2643 1306; x_wconf 91' lang='lat' dir='ltr'><strong>illum</strong></span> <span class='ocrx_word' id='word_1_30' title='bbox 2694 1231 2919 1306; x_wconf 88' lang='lat' dir='ltr'><strong>virum</strong></span> <span class='ocrx_word' id='word_1_31' title='bbox 2964 1231 3156 1306; x_wconf 92' lang='lat' dir='ltr'><strong>nullo</strong></span> <span class='ocrx_word' id='word_1_32' title='bbox 3202 1229 3482 1306; x_wconf 90' lang='lat' dir='ltr'><strong>nomine</strong></span> <span class='ocrx_word' id='word_1_33' title='bbox 3521 1253 3663 1306; x_wconf 91' lang='lat' dir='ltr'><strong>non</strong></span> 
     </span>
     <span class='ocr_line' id='line_1_6' title="bbox 622 1349 3664 1454; baseline -0.001 -26"><span class='ocrx_word' id='word_1_34' title='bbox 622 1351 1292 1454; x_wconf 88' lang='lat' dir='ltr'><strong>praestantissimum</strong></span> <span class='ocrx_word' id='word_1_35' title='bbox 1363 1349 1682 1426; x_wconf 88' lang='lat' dir='ltr'><strong>universa</strong></span> <span class='ocrx_word' id='word_1_36' title='bbox 1773 1351 1926 1426; x_wconf 91' lang='lat' dir='ltr'><strong>eius</strong></span> <span class='ocrx_word' id='word_1_37' title='bbox 1997 1353 2138 1426; x_wconf 88' lang='lat' dir='ltr'><strong>vita</strong></span> <span class='ocrx_word' id='word_1_38' title='bbox 2212 1358 2319 1426; x_wconf 90' lang='lat' dir='ltr'><strong>est</strong></span> <span class='ocrx_word' id='word_1_39' title='bbox 2400 1351 2847 1427; x_wconf 54' lang='lat' dir='ltr'><strong>documenta</strong></span> <span class='ocrx_word' id='word_1_40' title='bbox 2964 1351 3410 1451; x_wconf 85' lang='lat' dir='ltr'><strong>Quicumque</strong></span> <span class='ocrx_word' id='word_1_41' title='bbox 3500 1375 3664 1428; x_wconf 88' lang='lat' dir='ltr'><strong>eum</strong></span> 
     </span>
     <span class='ocr_line' id='line_1_7' title="bbox 621 1471 3662 1573; baseline 0 -25"><span class='ocrx_word' id='word_1_42' title='bbox 621 1481 989 1563; x_wconf 87' lang='lat' dir='ltr'><strong>noverant,</strong></span> <span class='ocrx_word' id='word_1_43' title='bbox 1053 1497 1198 1548; x_wconf 91' lang='lat' dir='ltr'><strong>uno</strong></span> <span class='ocrx_word' id='word_1_44' title='bbox 1259 1495 1376 1547; x_wconf 91' lang='lat' dir='ltr'><strong>ore</strong></span> <span class='ocrx_word' id='word_1_45' title='bbox 1445 1471 1843 1571; x_wconf 89' lang='lat' dir='ltr'><strong>praedicant</strong></span> <span class='ocrx_word' id='word_1_46' title='bbox 1902 1471 2031 1546; x_wconf 81' lang='lat' dir='ltr'><strong>viri</strong></span> <span class='ocrx_word' id='word_1_47' title='bbox 2089 1472 2509 1572; x_wconf 82' lang='lat' dir='ltr'><strong>probitatem</strong></span> <span class='ocrx_word' id='word_1_48' title='bbox 2527 1531 2548 1560; x_wconf 94' lang='lat'><strong>,</strong></span> <span class='ocrx_word' id='word_1_49' title='bbox 2597 1471 2669 1546; x_wconf 90' lang='lat' dir='ltr'><strong>in</strong></span> <span class='ocrx_word' id='word_1_50' title='bbox 2677 1471 3067 1573; x_wconf 84' lang='lat' dir='ltr'><strong>tegritatem</strong></span> <span class='ocrx_word' id='word_1_51' title='bbox 3087 1531 3107 1562; x_wconf 95' lang='lat'><strong>,</strong></span> <span class='ocrx_word' id='word_1_52' title='bbox 3160 1471 3621 1548; x_wconf 83' lang='lat' dir='ltr'><strong>sinceritatem</strong></span> <span class='ocrx_word' id='word_1_53' title='bbox 3642 1531 3662 1562; x_wconf 95' lang='lat'><strong>,</strong></span> 
     </span>
     <span class='ocr_line' id='line_1_8' title="bbox 626 1591 3667 1693; baseline -0.001 -23"><span class='ocrx_word' id='word_1_54' title='bbox 626 1594 1030 1685; x_wconf 84' lang='lat' dir='ltr'><strong>candorem3</strong></span> <span class='ocrx_word' id='word_1_55' title='bbox 1096 1595 1308 1670; x_wconf 91' lang='lat' dir='ltr'><strong>fidem</strong></span> <span class='ocrx_word' id='word_1_56' title='bbox 1381 1592 1618 1668; x_wconf 88' lang='lat' dir='ltr'><strong>datam</strong></span> <span class='ocrx_word' id='word_1_57' title='bbox 1685 1617 2072 1693; x_wconf 84' lang='lat' dir='ltr'><strong>numquam</strong></span> <span class='ocrx_word' id='word_1_58' title='bbox 2135 1591 2532 1668; x_wconf 85' lang='lat' dir='ltr'><strong>labefactari</strong></span> <span class='ocrx_word' id='word_1_59' title='bbox 2599 1616 2825 1693; x_wconf 92' lang='lat' dir='ltr'><strong>neque</strong></span> <span class='ocrx_word' id='word_1_60' title='bbox 2906 1593 3222 1668; x_wconf 90' lang='lat' dir='ltr'><strong>animum</strong></span> <span class='ocrx_word' id='word_1_61' title='bbox 3292 1592 3667 1668; x_wconf 89' lang='lat' dir='ltr'><strong>abalienari</strong></span> 
     </span>
     <span class='ocr_line' id='line_1_9' title="bbox 627 1712 3663 1814; baseline -0.001 -25"><span class='ocrx_word' id='word_1_62' title='bbox 627 1714 714 1789; x_wconf 90' lang='lat' dir='ltr'><strong>ab</strong></span> <span class='ocrx_word' id='word_1_63' title='bbox 753 1714 1024 1803; x_wconf 76' lang='lat' dir='ltr'><strong>amiciS,</strong></span> <span class='ocrx_word' id='word_1_64' title='bbox 1070 1738 1244 1813; x_wconf 90' lang='lat' dir='ltr'><strong>quos</strong></span> <span class='ocrx_word' id='word_1_65' title='bbox 1283 1712 1568 1812; x_wconf 90' lang='lat' dir='ltr'><strong>quidem</strong></span> <span class='ocrx_word' id='word_1_66' title='bbox 1617 1737 1699 1788; x_wconf 90' lang='lat' dir='ltr'><strong>eo</strong></span> <span class='ocrx_word' id='word_1_67' title='bbox 1740 1714 2019 1789; x_wconf 90' lang='lat' dir='ltr'><strong>nomine</strong></span> <span class='ocrx_word' id='word_1_68' title='bbox 2065 1713 2314 1814; x_wconf 75' lang='lat' dir='ltr'><strong>dignos</strong></span> <span class='ocrx_word' id='word_1_69' title='bbox 2361 1712 2731 1804; x_wconf 90' lang='lat' dir='ltr'><strong>censebat,</strong></span> <span class='ocrx_word' id='word_1_70' title='bbox 2782 1739 3027 1814; x_wconf 90' lang='lat' dir='ltr'><strong>passus</strong></span> <span class='ocrx_word' id='word_1_71' title='bbox 3072 1721 3179 1790; x_wconf 91' lang='lat' dir='ltr'><strong>est</strong></span> <span class='ocrx_word' id='word_1_72' title='bbox 3196 1747 3215 1804; x_wconf 88' lang='lat'>;</span> <span class='ocrx_word' id='word_1_73' title='bbox 3266 1714 3455 1788; x_wconf 90' lang='lat' dir='ltr'><strong>mitis</strong></span> <span class='ocrx_word' id='word_1_74' title='bbox 3499 1713 3663 1789; x_wconf 91' lang='lat' dir='ltr'><strong>alio-</strong></span> 
     </span>
     <span class='ocr_line' id='line_1_10' title="bbox 621 1833 3663 1935; baseline 0.001 -27"><span class='ocrx_word' id='word_1_75' title='bbox 621 1857 774 1908; x_wconf 86' lang='lat' dir='ltr'><strong>rum</strong></span> <span class='ocrx_word' id='word_1_76' title='bbox 801 1893 820 1922; x_wconf 91' lang='lat'><strong>,</strong></span> <span class='ocrx_word' id='word_1_77' title='bbox 873 1835 985 1910; x_wconf 91' lang='lat' dir='ltr'><strong>sui</strong></span> <span class='ocrx_word' id='word_1_78' title='bbox 1021 1834 1242 1935; x_wconf 89' lang='lat' dir='ltr'><strong>ipsius</strong></span> <span class='ocrx_word' id='word_1_79' title='bbox 1283 1833 1498 1907; x_wconf 85' lang='lat' dir='ltr'><strong>iudex</strong></span> <span class='ocrx_word' id='word_1_80' title='bbox 1537 1841 1685 1908; x_wconf 87' lang='lat' dir='ltr'><strong>erat</strong></span> <span class='ocrx_word' id='word_1_81' title='bbox 1723 1835 2196 1909; x_wconf 86' lang='lat' dir='ltr'><strong>severissimus</strong></span> <span class='ocrx_word' id='word_1_82' title='bbox 2209 1867 2228 1924; x_wconf 84' lang='lat'>3</span> <span class='ocrx_word' id='word_1_83' title='bbox 2281 1835 2597 1910; x_wconf 91' lang='lat' dir='ltr'><strong>modesto</strong></span> <span class='ocrx_word' id='word_1_84' title='bbox 2645 1834 2877 1910; x_wconf 91' lang='lat' dir='ltr'><strong>animo</strong></span> <span class='ocrx_word' id='word_1_85' title='bbox 2922 1841 2993 1910; x_wconf 91' lang='lat' dir='ltr'><strong>et</strong></span> <span class='ocrx_word' id='word_1_86' title='bbox 3042 1835 3349 1935; x_wconf 86' lang='lat' dir='ltr'><strong>ingenuo</strong></span> <span class='ocrx_word' id='word_1_87' title='bbox 3386 1857 3663 1910; x_wconf 87' lang='lat' dir='ltr'><strong>venera·</strong></span> 
     </span>
     <span class='ocr_line' id='line_1_11' title="bbox 617 1952 3663 2066; baseline 0 -38"><span class='ocrx_word' id='word_1_88' title='bbox 617 1955 822 2030; x_wconf 89' lang='lat' dir='ltr'><strong>tionis</strong></span> <span class='ocrx_word' id='word_1_89' title='bbox 871 1979 952 2030; x_wconf 80' lang='lat' dir='ltr'><strong>ac</strong></span> <span class='ocrx_word' id='word_1_90' title='bbox 993 1956 1250 2054; x_wconf 87' lang='lat' dir='ltr'><strong>gloriae</strong></span> <span class='ocrx_word' id='word_1_91' title='bbox 1293 1953 1562 2028; x_wconf 88' lang='lat' dir='ltr'><strong>meritis</strong></span> <span class='ocrx_word' id='word_1_92' title='bbox 1612 1961 1849 2053; x_wconf 87' lang='lat' dir='ltr'><strong>partae</strong></span> <span class='ocrx_word' id='word_1_93' title='bbox 1891 1954 2308 2030; x_wconf 89' lang='lat' dir='ltr'><strong>documenta</strong></span> <span class='ocrx_word' id='word_1_94' title='bbox 2357 1952 2786 2054; x_wconf 84' lang='lat' dir='ltr'><strong>excipiebat,</strong></span> <span class='ocrx_word' id='word_1_95' title='bbox 2838 1953 3150 2053; x_wconf 89' lang='lat' dir='ltr'><strong>undique</strong></span> <span class='ocrx_word' id='word_1_96' title='bbox 3192 1953 3267 2028; x_wconf 92' lang='lat' dir='ltr'><strong>in</strong></span> <span class='ocrx_word' id='word_1_97' title='bbox 3318 1977 3483 2066; x_wconf 71' lang='lat' dir='ltr'><strong>eum</strong></span> <span class='ocrx_word' id='word_1_98' title='bbox 3527 1953 3663 2028; x_wconf 94' lang='lat' dir='ltr'><strong>col·</strong></span> 
     </span>
     <span class='ocr_line' id='line_1_12' title="bbox 615 2071 3667 2174; baseline -0.001 -24"><span class='ocrx_word' id='word_1_99' title='bbox 615 2075 754 2150; x_wconf 87' lang='lat' dir='ltr'><strong>lata</strong></span> <span class='ocrx_word' id='word_1_100' title='bbox 766 2109 786 2164; x_wconf 81' lang='lat'>3</span> <span class='ocrx_word' id='word_1_101' title='bbox 853 2099 1082 2172; x_wconf 90' lang='lat' dir='ltr'><strong>neque</strong></span> <span class='ocrx_word' id='word_1_102' title='bbox 1142 2099 1425 2150; x_wconf 90' lang='lat' dir='ltr'><strong>suorum</strong></span> <span class='ocrx_word' id='word_1_103' title='bbox 1486 2073 1891 2150; x_wconf 83' lang='lat' dir='ltr'><strong>meritorum</strong></span> <span class='ocrx_word' id='word_1_104' title='bbox 1971 2099 2275 2174; x_wconf 81' lang='lat' dir='ltr'><strong>suaeque</strong></span> <span class='ocrx_word' id='word_1_105' title='bbox 2333 2074 2683 2150; x_wconf 88' lang='lat' dir='ltr'><strong>doctrinae</strong></span> <span class='ocrx_word' id='word_1_106' title='bbox 2733 2073 3021 2150; x_wconf 87' lang='lat' dir='ltr'><strong>iactator</strong></span> <span class='ocrx_word' id='word_1_107' title='bbox 3036 2133 3058 2164; x_wconf 90' lang='lat'><strong>,</strong></span> <span class='ocrx_word' id='word_1_108' title='bbox 3130 2097 3359 2173; x_wconf 91' lang='lat' dir='ltr'><strong>neque</strong></span> <span class='ocrx_word' id='word_1_109' title='bbox 3406 2071 3667 2148; x_wconf 90' lang='lat' dir='ltr'><strong>alienae</strong></span> 
     </span>
     <span class='ocr_line' id='line_1_13' title="bbox 615 2193 3664 2302; baseline 0 -33"><span class='ocrx_word' id='word_1_110' title='bbox 615 2193 840 2269; x_wconf 90' lang='lat' dir='ltr'><strong>laudis</strong></span> <span class='ocrx_word' id='word_1_111' title='bbox 901 2194 1317 2269; x_wconf 89' lang='lat' dir='ltr'><strong>detrectator</strong></span> <span class='ocrx_word' id='word_1_112' title='bbox 1373 2199 1446 2268; x_wconf 90' lang='lat' dir='ltr'><strong>et</strong></span> <span class='ocrx_word' id='word_1_113' title='bbox 1493 2200 1799 2294; x_wconf 88' lang='lat' dir='ltr'><strong>spretor;</strong></span> <span class='ocrx_word' id='word_1_114' title='bbox 1863 2193 2399 2270; x_wconf 87' lang='lat' dir='ltr'><strong>officiosissimus</strong></span> <span class='ocrx_word' id='word_1_115' title='bbox 2452 2219 2617 2294; x_wconf 83' lang='lat' dir='ltr'><strong>erga</strong></span> <span class='ocrx_word' id='word_1_116' title='bbox 2659 2218 3237 2302; x_wconf 55' lang='lat' dir='ltr'><strong>unumquemque</strong></span> <span class='ocrx_word' id='word_1_117' title='bbox 3282 2201 3354 2270; x_wconf 89' lang='lat' dir='ltr'><strong>et</strong></span> <span class='ocrx_word' id='word_1_118' title='bbox 3406 2194 3493 2269; x_wconf 90' lang='lat' dir='ltr'><strong>de</strong></span> <span class='ocrx_word' id='word_1_119' title='bbox 3546 2218 3664 2270; x_wconf 85' lang='lat' dir='ltr'><strong>ex·</strong></span> 
     </span>
     <span class='ocr_line' id='line_1_14' title="bbox 617 2299 3435 2414; baseline 0 -24"><span class='ocrx_word' id='word_1_120' title='bbox 617 2313 910 2413; x_wconf 86' lang='lat' dir='ltr'><strong>quisitae</strong></span> <span class='ocrx_word' id='word_1_121' title='bbox 957 2312 1311 2389; x_wconf 88' lang='lat' dir='ltr'><strong>doctrinae</strong></span> <span class='ocrx_word' id='word_1_122' title='bbox 1357 2313 1788 2388; x_wconf 81' lang='lat' dir='ltr'><strong>inexhaustis</strong></span> <span class='ocrx_word' id='word_1_123' title='bbox 1831 2313 2046 2414; x_wconf 90' lang='lat' dir='ltr'><strong>copiis</strong></span> <span class='ocrx_word' id='word_1_124' title='bbox 2087 2313 2465 2411; x_wconf 91' lang='lat' dir='ltr'><strong>unicuique</strong></span> <span class='ocrx_word' id='word_1_125' title='bbox 2508 2314 2787 2414; x_wconf 88' lang='lat' dir='ltr'><strong>largiter</strong></span> <span class='ocrx_word' id='word_1_126' title='bbox 2830 2315 3166 2390; x_wconf 87' lang='lat' dir='ltr'><strong>tribuens.</strong></span> <span class='ocrx_word' id='word_1_127' title='bbox 3428 2299 3435 2306; x_wconf 40' lang='lat'><em>⁶</em></span> 
     </span>
    </p>

    <p class='ocr_par' dir='ltr' id='par_1_4' title="bbox 615 2434 3667 3020">
     <span class='ocr_line' id='line_1_15' title="bbox 713 2434 3666 2535; baseline -0.001 -23"><span class='ocrx_word' id='word_1_128' title='bbox 713 2436 948 2512; x_wconf 85' lang='lat' dir='ltr'><strong>Quem</strong></span> <span class='ocrx_word' id='word_1_129' title='bbox 1019 2435 1375 2535; x_wconf 83' lang='lat' dir='ltr'><strong>ingentem</strong></span> <span class='ocrx_word' id='word_1_130' title='bbox 1444 2435 1826 2510; x_wconf 84' lang='lat' dir='ltr'><strong>doctrinam</strong></span> <span class='ocrx_word' id='word_1_131' title='bbox 1900 2434 2178 2534; x_wconf 88' lang='lat' dir='ltr'><strong>ingenio</strong></span> <span class='ocrx_word' id='word_1_132' title='bbox 2251 2434 2615 2533; x_wconf 88' lang='lat' dir='ltr'><strong>complecti</strong></span> <span class='ocrx_word' id='word_1_133' title='bbox 2635 2488 2659 2530; x_wconf 88' lang='lat'><strong>,</strong></span> <span class='ocrx_word' id='word_1_134' title='bbox 2728 2460 2940 2534; x_wconf 90' lang='lat' dir='ltr'><strong>quem</strong></span> <span class='ocrx_word' id='word_1_135' title='bbox 3002 2436 3227 2512; x_wconf 90' lang='lat' dir='ltr'><strong>multa</strong></span> <span class='ocrx_word' id='word_1_136' title='bbox 3286 2435 3537 2510; x_wconf 88' lang='lat' dir='ltr'><strong>vidisse</strong></span> <span class='ocrx_word' id='word_1_137' title='bbox 3596 2444 3666 2510; x_wconf 89' lang='lat' dir='ltr'><strong>et</strong></span> 
     </span>
     <span class='ocr_line' id='line_1_16' title="bbox 615 2555 3665 2656; baseline -0.001 -25"><span class='ocrx_word' id='word_1_138' title='bbox 615 2557 1012 2632; x_wconf 82' lang='lat' dir='ltr'><strong>observasse</strong></span> <span class='ocrx_word' id='word_1_139' title='bbox 1083 2556 1396 2632; x_wconf 81' lang='lat' dir='ltr'><strong>sciebant</strong></span> <span class='ocrx_word' id='word_1_140' title='bbox 1413 2615 1433 2646; x_wconf 96' lang='lat'><strong>,</strong></span> <span class='ocrx_word' id='word_1_141' title='bbox 1503 2557 1842 2656; x_wconf 81' lang='lat' dir='ltr'><strong>cuiusque</strong></span> <span class='ocrx_word' id='word_1_142' title='bbox 1907 2555 2213 2631; x_wconf 90' lang='lat' dir='ltr'><strong>indolem</strong></span> <span class='ocrx_word' id='word_1_143' title='bbox 2273 2563 2605 2631; x_wconf 88' lang='lat' dir='ltr'><strong>noverant</strong></span> <span class='ocrx_word' id='word_1_144' title='bbox 2670 2579 2957 2632; x_wconf 90' lang='lat' dir='ltr'><strong>suorum</strong></span> <span class='ocrx_word' id='word_1_145' title='bbox 3018 2556 3393 2656; x_wconf 86' lang='lat' dir='ltr'><strong>prodigum</strong></span> <span class='ocrx_word' id='word_1_146' title='bbox 3438 2580 3665 2655; x_wconf 91' lang='lat' dir='ltr'><strong>neque</strong></span> 
     </span>
     <span class='ocr_line' id='line_1_17' title="bbox 615 2675 3664 2778; baseline 0.001 -28"><span class='ocrx_word' id='word_1_147' title='bbox 615 2684 1100 2754; x_wconf 85' lang='lat' dir='ltr'><strong>numerantem</strong></span> <span class='ocrx_word' id='word_1_148' title='bbox 1119 2735 1140 2766; x_wconf 92' lang='lat'><strong>,</strong></span> <span class='ocrx_word' id='word_1_149' title='bbox 1210 2677 1402 2777; x_wconf 90' lang='lat' dir='ltr'><strong>quod</strong></span> <span class='ocrx_word' id='word_1_150' title='bbox 1445 2677 1748 2777; x_wconf 89' lang='lat' dir='ltr'><strong>benigna</strong></span> <span class='ocrx_word' id='word_1_151' title='bbox 1797 2701 2016 2753; x_wconf 87' lang='lat' dir='ltr'><strong>manu</strong></span> <span class='ocrx_word' id='word_1_152' title='bbox 2057 2676 2540 2778; x_wconf 88' lang='lat' dir='ltr'><strong>dispensabat,</strong></span> <span class='ocrx_word' id='word_1_153' title='bbox 2588 2675 2763 2776; x_wconf 91' lang='lat' dir='ltr'><strong>quid</strong></span> <span class='ocrx_word' id='word_1_154' title='bbox 2802 2677 3097 2766; x_wconf 89' lang='lat' dir='ltr'><strong>mirum,</strong></span> <span class='ocrx_word' id='word_1_155' title='bbox 3146 2677 3237 2753; x_wconf 89' lang='lat' dir='ltr'><strong>ad</strong></span> <span class='ocrx_word' id='word_1_156' title='bbox 3278 2701 3442 2754; x_wconf 91' lang='lat' dir='ltr'><strong>eum</strong></span> <span class='ocrx_word' id='word_1_157' title='bbox 3487 2683 3664 2752; x_wconf 89' lang='lat' dir='ltr'><strong>tam·</strong></span> 
     </span>
     <span class='ocr_line' id='line_1_18' title="bbox 621 2795 3667 2898; baseline -0.001 -24"><span class='ocrx_word' id='word_1_158' title='bbox 621 2821 833 2897; x_wconf 90' lang='lat' dir='ltr'><strong>quam</strong></span> <span class='ocrx_word' id='word_1_159' title='bbox 859 2799 950 2874; x_wconf 87' lang='lat' dir='ltr'><strong>ad</strong></span> <span class='ocrx_word' id='word_1_160' title='bbox 979 2799 1333 2875; x_wconf 89' lang='lat' dir='ltr'><strong>oraculum</strong></span> <span class='ocrx_word' id='word_1_161' title='bbox 1371 2799 1631 2874; x_wconf 84' lang='lat' dir='ltr'><strong>multos</strong></span> <span class='ocrx_word' id='word_1_162' title='bbox 1675 2799 2070 2875; x_wconf 89' lang='lat' dir='ltr'><strong>consultum</strong></span> <span class='ocrx_word' id='word_1_163' title='bbox 2109 2823 2258 2875; x_wconf 89' lang='lat' dir='ltr'><strong>esse</strong></span> <span class='ocrx_word' id='word_1_164' title='bbox 2300 2797 2641 2898; x_wconf 85' lang='lat' dir='ltr'><strong>profectos</strong></span> <span class='ocrx_word' id='word_1_165' title='bbox 2660 2854 2683 2886; x_wconf 90' lang='lat'><strong>,</strong></span> <span class='ocrx_word' id='word_1_166' title='bbox 2730 2821 3198 2898; x_wconf 88' lang='lat' dir='ltr'><strong>magnamque</strong></span> <span class='ocrx_word' id='word_1_167' title='bbox 3254 2797 3433 2874; x_wconf 85' lang='lat' dir='ltr'><strong>vitae</strong></span> <span class='ocrx_word' id='word_1_168' title='bbox 3482 2795 3667 2874; x_wconf 90' lang='lat' dir='ltr'><strong>illius</strong></span> 
     </span>
     <span class='ocr_line' id='line_1_19' title="bbox 617 2916 2740 3020; baseline 0 -26"><span class='ocrx_word' id='word_1_169' title='bbox 617 2926 882 3019; x_wconf 89' lang='lat' dir='ltr'><strong>partem</strong></span> <span class='ocrx_word' id='word_1_170' title='bbox 937 2945 1020 2996; x_wconf 92' lang='lat' dir='ltr'><strong>eo</strong></span> <span class='ocrx_word' id='word_1_171' title='bbox 1070 2927 1556 3019; x_wconf 88' lang='lat' dir='ltr'><strong>consumptam</strong></span> <span class='ocrx_word' id='word_1_172' title='bbox 1609 2945 1758 2994; x_wconf 89' lang='lat' dir='ltr'><strong>esse</strong></span> <span class='ocrx_word' id='word_1_173' title='bbox 1781 2980 1800 3010; x_wconf 92' lang='lat'>‚</span> <span class='ocrx_word' id='word_1_174' title='bbox 1850 2928 1933 2995; x_wconf 91' lang='lat' dir='ltr'><strong>ut</strong></span> <span class='ocrx_word' id='word_1_175' title='bbox 1982 2919 2134 2996; x_wconf 89' lang='lat' dir='ltr'><strong>aliis</strong></span> <span class='ocrx_word' id='word_1_176' title='bbox 2183 2943 2463 3020; x_wconf 89' lang='lat' dir='ltr'><strong>operam</strong></span> <span class='ocrx_word' id='word_1_177' title='bbox 2511 2916 2740 2994; x_wconf 84' lang='lat' dir='ltr'><strong>ferret.</strong></span> 
     </span>
    </p>

    <p class='ocr_par' dir='ltr' id='par_1_5' title="bbox 619 3038 3665 3745">
     <span class='ocr_line' id='line_1_20' title="bbox 717 3038 3665 3141; baseline 0 -28"><span class='ocrx_word' id='word_1_178' title='bbox 717 3041 872 3116; x_wconf 92' lang='lat' dir='ltr'><strong>Iam</strong></span> <span class='ocrx_word' id='word_1_179' title='bbox 912 3066 1070 3117; x_wconf 88' lang='lat' dir='ltr'><strong>vero</strong></span> <span class='ocrx_word' id='word_1_180' title='bbox 1111 3041 1500 3141; x_wconf 89' lang='lat' dir='ltr'><strong>perpensis,</strong></span> <span class='ocrx_word' id='word_1_181' title='bbox 1545 3065 1726 3140; x_wconf 90' lang='lat' dir='ltr'><strong>quae</strong></span> <span class='ocrx_word' id='word_1_182' title='bbox 1770 3042 1859 3116; x_wconf 92' lang='lat' dir='ltr'><strong>de</strong></span> <span class='ocrx_word' id='word_1_183' title='bbox 1901 3040 2443 3116; x_wconf 66' lang='lat' dir='ltr'><strong>Rmnwanmuo</strong></span> <span class='ocrx_word' id='word_1_184' title='bbox 2490 3038 2669 3128; x_wconf 84' lang='lat' dir='ltr'><strong>dixi,</strong></span> <span class='ocrx_word' id='word_1_185' title='bbox 2711 3038 2869 3138; x_wconf 85' lang='lat' dir='ltr'><strong>quis</strong></span> <span class='ocrx_word' id='word_1_186' title='bbox 2908 3038 3193 3139; x_wconf 85' lang='lat' dir='ltr'><strong>negabit</strong></span> <span class='ocrx_word' id='word_1_187' title='bbox 3231 3038 3420 3115; x_wconf 90' lang='lat' dir='ltr'><strong>illius</strong></span> <span class='ocrx_word' id='word_1_188' title='bbox 3452 3040 3665 3116; x_wconf 87' lang='lat' dir='ltr'><strong>vitam</strong></span> 
     </span>
     <span class='ocr_line' id='line_1_21' title="bbox 619 3159 3665 3262; baseline 0 -27"><span class='ocrx_word' id='word_1_189' title='bbox 619 3184 818 3259; x_wconf 89' lang='lat' dir='ltr'><strong>posse</strong></span> <span class='ocrx_word' id='word_1_190' title='bbox 875 3186 1024 3236; x_wconf 91' lang='lat' dir='ltr'><strong>esse</strong></span> <span class='ocrx_word' id='word_1_191' title='bbox 1072 3161 1490 3237; x_wconf 91' lang='lat' dir='ltr'><strong>documento</strong></span> <span class='ocrx_word' id='word_1_192' title='bbox 1514 3220 1534 3251; x_wconf 91' lang='lat'><strong>,</strong></span> <span class='ocrx_word' id='word_1_193' title='bbox 1575 3162 1924 3262; x_wconf 90' lang='lat' dir='ltr'><strong>quomodo</strong></span> <span class='ocrx_word' id='word_1_194' title='bbox 1977 3187 2137 3237; x_wconf 84' lang='lat' dir='ltr'><strong>vera.</strong></span> <span class='ocrx_word' id='word_1_195' title='bbox 2179 3161 2401 3261; x_wconf 90' lang='lat' dir='ltr'><strong>gloria</strong></span> <span class='ocrx_word' id='word_1_196' title='bbox 2442 3159 2679 3260; x_wconf 90' lang='lat' dir='ltr'><strong>appeti</strong></span> <span class='ocrx_word' id='word_1_197' title='bbox 2728 3160 3002 3237; x_wconf 88' lang='lat' dir='ltr'><strong>debeat.</strong></span> <span class='ocrx_word' id='word_1_198' title='bbox 3104 3162 3453 3235; x_wconf 89' lang='lat' dir='ltr'><strong>Iacturam</strong></span> <span class='ocrx_word' id='word_1_199' title='bbox 3483 3160 3557 3235; x_wconf 93' lang='lat' dir='ltr'><strong>in</strong></span> <span class='ocrx_word' id='word_1_200' title='bbox 3582 3184 3665 3235; x_wconf 93' lang='lat' dir='ltr'><strong>eo</strong></span> 
     </span>
     <span class='ocr_line' id='line_1_22' title="bbox 619 3280 3663 3381; baseline 0 -27"><span class='ocrx_word' id='word_1_201' title='bbox 619 3280 780 3356; x_wconf 87' lang='lat' dir='ltr'><strong>fecit</strong></span> <span class='ocrx_word' id='word_1_202' title='bbox 831 3281 1212 3357; x_wconf 88' lang='lat' dir='ltr'><strong>Academia</strong></span> <span class='ocrx_word' id='word_1_203' title='bbox 1263 3282 1623 3358; x_wconf 88' lang='lat' dir='ltr'><strong>Leidensis</strong></span> <span class='ocrx_word' id='word_1_204' title='bbox 1644 3341 1664 3372; x_wconf 96' lang='lat'><strong>,</strong></span> <span class='ocrx_word' id='word_1_205' title='bbox 1729 3306 1872 3381; x_wconf 91' lang='lat' dir='ltr'><strong>qua</strong></span> <span class='ocrx_word' id='word_1_206' title='bbox 1917 3282 2249 3357; x_wconf 89' lang='lat' dir='ltr'><strong>maiorem</strong></span> <span class='ocrx_word' id='word_1_207' title='bbox 2287 3306 2429 3357; x_wconf 91' lang='lat' dir='ltr'><strong>non</strong></span> <span class='ocrx_word' id='word_1_208' title='bbox 2469 3280 2736 3356; x_wconf 86' lang='lat' dir='ltr'><strong>vidistis</strong></span> <span class='ocrx_word' id='word_1_209' title='bbox 2752 3338 2775 3369; x_wconf 90' lang='lat'><strong>,</strong></span> <span class='ocrx_word' id='word_1_210' title='bbox 2823 3281 3241 3356; x_wconf 89' lang='lat' dir='ltr'><strong>Auditores!</strong></span> <span class='ocrx_word' id='word_1_211' title='bbox 3292 3304 3421 3356; x_wconf 89' lang='lat' dir='ltr'><strong>nec</strong></span> <span class='ocrx_word' id='word_1_212' title='bbox 3466 3280 3663 3356; x_wconf 83' lang='lat' dir='ltr'><strong>facile</strong></span> 
     </span>
     <span class='ocr_line' id='line_1_23' title="bbox 629 3401 3665 3502; baseline 0.001 -27"><span class='ocrx_word' id='word_1_213' title='bbox 629 3401 992 3492; x_wconf 85' lang='lat' dir='ltr'><strong>videbitis,</strong></span> <span class='ocrx_word' id='word_1_214' title='bbox 1042 3401 1268 3501; x_wconf 81' lang='lat' dir='ltr'><strong>&#39;plane</strong></span> <span class='ocrx_word' id='word_1_215' title='bbox 1340 3409 1461 3492; x_wconf 90' lang='lat' dir='ltr'><strong>ut,</strong></span> <span class='ocrx_word' id='word_1_216' title='bbox 1531 3402 1588 3477; x_wconf 93' lang='lat' dir='ltr'><strong>si</strong></span> <span class='ocrx_word' id='word_1_217' title='bbox 1653 3403 1854 3478; x_wconf 87' lang='lat' dir='ltr'><strong>cuius</strong></span> <span class='ocrx_word' id='word_1_218' title='bbox 1915 3426 2247 3501; x_wconf 90' lang='lat' dir='ltr'><strong>umquam</strong></span> <span class='ocrx_word' id='word_1_219' title='bbox 2310 3401 2552 3502; x_wconf 86' lang='lat' dir='ltr'><strong>magni</strong></span> <span class='ocrx_word' id='word_1_220' title='bbox 2618 3401 2745 3477; x_wconf 85' lang='lat' dir='ltr'><strong>viri</strong></span> <span class='ocrx_word' id='word_1_221' title='bbox 2804 3401 3038 3477; x_wconf 89' lang='lat' dir='ltr'><strong>amissi</strong></span> <span class='ocrx_word' id='word_1_222' title='bbox 3059 3459 3080 3490; x_wconf 90' lang='lat'><strong>,</strong></span> <span class='ocrx_word' id='word_1_223' title='bbox 3149 3401 3359 3477; x_wconf 89' lang='lat' dir='ltr'><strong>huius</strong></span> <span class='ocrx_word' id='word_1_224' title='bbox 3420 3402 3665 3501; x_wconf 90' lang='lat' dir='ltr'><strong>utique</strong></span> 
     </span>
     <span class='ocr_line' id='line_1_24' title="bbox 619 3500 3664 3623; baseline 0 -27"><span class='ocrx_word' id='word_1_225' title='bbox 619 3521 848 3597; x_wconf 88' lang='lat' dir='ltr'><strong>luctus</strong></span> <span class='ocrx_word' id='word_1_226' title='bbox 907 3548 988 3599; x_wconf 88' lang='lat' dir='ltr'><strong>ac</strong></span> <span class='ocrx_word' id='word_1_227' title='bbox 1058 3522 1478 3598; x_wconf 88' lang='lat' dir='ltr'><strong>desiderium</strong></span> <span class='ocrx_word' id='word_1_228' title='bbox 1519 3500 1880 3623; x_wconf 80' lang='lat' dir='ltr'><strong>publicum</strong></span> <span class='ocrx_word' id='word_1_229' title='bbox 1935 3525 2027 3599; x_wconf 88' lang='lat' dir='ltr'><strong>sit</strong></span> <span class='ocrx_word' id='word_1_230' title='bbox 2073 3546 2477 3599; x_wconf 89' lang='lat' dir='ltr'><strong>mansurum</strong></span> <span class='ocrx_word' id='word_1_231' title='bbox 2501 3581 2522 3612; x_wconf 93' lang='lat'><strong>,</strong></span> <span class='ocrx_word' id='word_1_232' title='bbox 2570 3523 2742 3597; x_wconf 92' lang='lat' dir='ltr'><strong>dum</strong></span> <span class='ocrx_word' id='word_1_233' title='bbox 2787 3547 2984 3599; x_wconf 88' lang='lat' dir='ltr'><strong>verae</strong></span> <span class='ocrx_word' id='word_1_234' title='bbox 3023 3522 3373 3599; x_wconf 78' lang='lat' dir='ltr'><strong>doctrinae</strong></span> <span class='ocrx_word' id='word_1_235' title='bbox 3420 3547 3664 3599; x_wconf 89' lang='lat' dir='ltr'><strong>sensus</strong></span> 
     </span>
     <span class='ocr_line' id='line_1_25' title="bbox 621 3643 2824 3745; baseline 0.002 -31"><span class='ocrx_word' id='word_1_236' title='bbox 621 3664 954 3742; x_wconf 84' lang='lat' dir='ltr'><strong>veraeque</strong></span> <span class='ocrx_word' id='word_1_237' title='bbox 1007 3643 1281 3718; x_wconf 80' lang='lat' dir='ltr'><strong>virtutis</strong></span> <span class='ocrx_word' id='word_1_238' title='bbox 1329 3644 1692 3734; x_wconf 78' lang='lat' dir='ltr'><strong>admiratio</strong></span> <span class='ocrx_word' id='word_1_239' title='bbox 1743 3645 2021 3745; x_wconf 86' lang='lat' dir='ltr'><strong>vigebit.</strong></span> <span class='ocrx_word' id='word_1_240' title='bbox 2125 3644 2232 3719; x_wconf 88' lang='lat' dir='ltr'><strong>Sit</strong></span> <span class='ocrx_word' id='word_1_241' title='bbox 2279 3644 2344 3719; x_wconf 91' lang='lat' dir='ltr'><strong>ei</strong></span> <span class='ocrx_word' id='word_1_242' title='bbox 2397 3651 2573 3720; x_wconf 88' lang='lat' dir='ltr'><strong>terra</strong></span> <span class='ocrx_word' id='word_1_243' title='bbox 2619 3644 2824 3719; x_wconf 87' lang='lat' dir='ltr'><strong>levisl</strong></span> 
     </span>
    </p>

    <p class='ocr_par' dir='ltr' id='par_1_6' title="bbox 613 3757 3663 4947">
     <span class='ocr_line' id='line_1_26' title="bbox 715 3757 3663 3843; baseline 0 -7"><span class='ocrx_word' id='word_1_244' title='bbox 715 3762 836 3836; x_wconf 90' lang='lat' dir='ltr'><strong>Ad</strong></span> <span class='ocrx_word' id='word_1_245' title='bbox 868 3757 1396 3839; x_wconf 70' lang='lat' dir='ltr'><strong>Srnonnnnnxn</strong></span> <span class='ocrx_word' id='word_1_246' title='bbox 1421 3764 1602 3839; x_wconf 88' lang='lat' dir='ltr'><strong>vitae</strong></span> <span class='ocrx_word' id='word_1_247' title='bbox 1625 3766 2126 3841; x_wconf 84' lang='lat' dir='ltr'><strong>enarrationem</strong></span> <span class='ocrx_word' id='word_1_248' title='bbox 2152 3772 2447 3841; x_wconf 89' lang='lat' dir='ltr'><strong>transe0.</strong></span> <span class='ocrx_word' id='word_1_249' title='bbox 2533 3766 2937 3841; x_wconf 74' lang='lat' dir='ltr'><strong>MA‘r‘rmAs</strong></span> <span class='ocrx_word' id='word_1_250' title='bbox 2964 3766 3431 3843; x_wconf 69' lang='lat' dir='ltr'><strong>Smonnnnnx</strong></span> <span class='ocrx_word' id='word_1_251' title='bbox 3457 3772 3663 3841; x_wconf 86' lang='lat' dir='ltr'><strong>natus</strong></span> 
     </span>
     <span class='ocr_line' id='line_1_27' title="bbox 627 3884 3661 3985; baseline 0.002 -29"><span class='ocrx_word' id='word_1_252' title='bbox 627 3890 730 3957; x_wconf 89' lang='lat' dir='ltr'><strong>est</strong></span> <span class='ocrx_word' id='word_1_253' title='bbox 769 3884 1274 3959; x_wconf 89' lang='lat' dir='ltr'><strong>Amstelodami</strong></span> <span class='ocrx_word' id='word_1_254' title='bbox 1303 3885 1416 3959; x_wconf 91' lang='lat' dir='ltr'><strong>die</strong></span> <span class='ocrx_word' id='word_1_255' title='bbox 1457 3885 1777 3961; x_wconf 78' lang='lat' dir='ltr'><strong>vicet-imo</strong></span> <span class='ocrx_word' id='word_1_256' title='bbox 1818 3887 2022 3962; x_wconf 90' lang='lat' dir='ltr'><strong>tertio</strong></span> <span class='ocrx_word' id='word_1_257' title='bbox 2050 3886 2308 3962; x_wconf 76' lang='lat' dir='ltr'><strong>mensis</strong></span> <span class='ocrx_word' id='word_1_258' title='bbox 2338 3886 2529 3963; x_wconf 87' lang='lat' dir='ltr'><strong>Iunii</strong></span> <span class='ocrx_word' id='word_1_259' title='bbox 2554 3886 2720 3963; x_wconf 89' lang='lat' dir='ltr'><strong>anni</strong></span> <span class='ocrx_word' id='word_1_260' title='bbox 2753 3889 2891 3964; x_wconf 84' lang='lat'><strong>177</strong></span> <span class='ocrx_word' id='word_1_261' title='bbox 2896 3891 2963 3962; x_wconf 87' lang='lat'><strong>4.</strong></span> <span class='ocrx_word' id='word_1_262' title='bbox 3064 3888 3219 3963; x_wconf 87' lang='lat' dir='ltr'><strong>Iam</strong></span> <span class='ocrx_word' id='word_1_263' title='bbox 3248 3893 3515 3963; x_wconf 88' lang='lat' dir='ltr'><strong>mature</strong></span> <span class='ocrx_word' id='word_1_264' title='bbox 3540 3910 3661 3985; x_wconf 90' lang='lat' dir='ltr'><strong>ap·</strong></span> 
     </span>
     <span class='ocr_line' id='line_1_28' title="bbox 623 4003 3661 4108; baseline 0.001 -31"><span class='ocrx_word' id='word_1_265' title='bbox 623 4003 852 4101; x_wconf 85' lang='lat' dir='ltr'><strong>paruit</strong></span> <span class='ocrx_word' id='word_1_266' title='bbox 899 4029 1195 4103; x_wconf 87' lang='lat' dir='ltr'><strong>puerum</strong></span> <span class='ocrx_word' id='word_1_267' title='bbox 1247 4004 1464 4080; x_wconf 83' lang='lat' dir='ltr'><strong>felicis</strong></span> <span class='ocrx_word' id='word_1_268' title='bbox 1512 4014 1724 4105; x_wconf 92' lang='lat' dir='ltr'><strong>atque</strong></span> <span class='ocrx_word' id='word_1_269' title='bbox 1761 4006 2084 4083; x_wconf 89' lang='lat' dir='ltr'><strong>faecundi</strong></span> <span class='ocrx_word' id='word_1_270' title='bbox 2123 4032 2272 4081; x_wconf 91' lang='lat' dir='ltr'><strong>esse</strong></span> <span class='ocrx_word' id='word_1_271' title='bbox 2314 4006 2597 4107; x_wconf 86' lang='lat' dir='ltr'><strong>ingenii.</strong></span> <span class='ocrx_word' id='word_1_272' title='bbox 2682 4008 2933 4106; x_wconf 86' lang='lat' dir='ltr'><strong>Itaque</strong></span> <span class='ocrx_word' id='word_1_273' title='bbox 2975 4007 3388 4108; x_wconf 84' lang='lat' dir='ltr'><strong>Theologiae</strong></span> <span class='ocrx_word' id='word_1_274' title='bbox 3430 4006 3661 4083; x_wconf 88' lang='lat' dir='ltr'><strong>studio</strong></span> 
     </span>
     <span class='ocr_line' id='line_1_29' title="bbox 623 4123 3661 4227; baseline 0.002 -32"><span class='ocrx_word' id='word_1_275' title='bbox 623 4146 664 4195; x_wconf 91' lang='lat' dir='ltr'><strong>a</strong></span> <span class='ocrx_word' id='word_1_276' title='bbox 714 4125 1118 4220; x_wconf 86' lang='lat' dir='ltr'><strong>parentibus</strong></span> <span class='ocrx_word' id='word_1_277' title='bbox 1174 4123 1562 4201; x_wconf 88' lang='lat' dir='ltr'><strong>destinatus</strong></span> <span class='ocrx_word' id='word_1_278' title='bbox 1611 4127 1938 4203; x_wconf 85' lang='lat' dir='ltr'><strong>undecim</strong></span> <span class='ocrx_word' id='word_1_279' title='bbox 1989 4150 2206 4203; x_wconf 89' lang='lat' dir='ltr'><strong>annos</strong></span> <span class='ocrx_word' id='word_1_280' title='bbox 2254 4134 2464 4203; x_wconf 89' lang='lat' dir='ltr'><strong>natus</strong></span> <span class='ocrx_word' id='word_1_281' title='bbox 2514 4127 2588 4201; x_wconf 90' lang='lat' dir='ltr'><strong>in</strong></span> <span class='ocrx_word' id='word_1_282' title='bbox 2638 4128 3000 4226; x_wconf 85' lang='lat' dir='ltr'><strong>Gymnasii</strong></span> <span class='ocrx_word' id='word_1_283' title='bbox 3054 4128 3489 4227; x_wconf 87' lang='lat' dir='ltr'><strong>disciplinam</strong></span> <span class='ocrx_word' id='word_1_284' title='bbox 3554 4136 3661 4203; x_wconf 88' lang='lat' dir='ltr'><strong>est</strong></span> 
     </span>
     <span class='ocr_line' id='line_1_30' title="bbox 621 4242 3655 4348; baseline 0.003 -33"><span class='ocrx_word' id='word_1_285' title='bbox 621 4242 947 4333; x_wconf 86' lang='lat' dir='ltr'><strong>traditus,</strong></span> <span class='ocrx_word' id='word_1_286' title='bbox 1007 4244 1198 4344; x_wconf 90' lang='lat' dir='ltr'><strong>quod</strong></span> <span class='ocrx_word' id='word_1_287' title='bbox 1245 4256 1400 4320; x_wconf 90' lang='lat' dir='ltr'><strong>tum</strong></span> <span class='ocrx_word' id='word_1_288' title='bbox 1441 4246 1950 4323; x_wconf 88' lang='lat' dir='ltr'><strong>Amstelodami</strong></span> <span class='ocrx_word' id='word_1_289' title='bbox 1995 4254 2278 4348; x_wconf 86' lang='lat' dir='ltr'><strong>regente</strong></span> <span class='ocrx_word' id='word_1_290' title='bbox 2321 4248 2463 4323; x_wconf 89' lang='lat' dir='ltr'><strong>viro</strong></span> <span class='ocrx_word' id='word_1_291' title='bbox 2506 4247 2949 4323; x_wconf 83' lang='lat' dir='ltr'><strong>celeberrimo</strong></span> <span class='ocrx_word' id='word_1_292' title='bbox 2986 4248 3281 4325; x_wconf 76' lang='lat' dir='ltr'><strong>Rlcnno</strong></span> <span class='ocrx_word' id='word_1_293' title='bbox 3322 4271 3469 4323; x_wconf 63' lang='lat' dir='ltr'><strong>van</strong></span> <span class='ocrx_word' id='word_1_294' title='bbox 3506 4250 3655 4323; x_wconf 77' lang='grc' dir='ltr'><strong>ΟΜ-</strong></span> 
     </span>
     <span class='ocr_line' id='line_1_31' title="bbox 617 4364 3655 4469; baseline 0.002 -34"><span class='ocrx_word' id='word_1_295' title='bbox 617 4384 864 4437; x_wconf 72' lang='lat' dir='ltr'><strong>unann</strong></span> <span class='ocrx_word' id='word_1_296' title='bbox 900 4364 1212 4441; x_wconf 89' lang='lat' dir='ltr'><strong>florebat.</strong></span> <span class='ocrx_word' id='word_1_297' title='bbox 1313 4367 1424 4441; x_wconf 87' lang='lat' dir='ltr'><strong>Ex</strong></span> <span class='ocrx_word' id='word_1_298' title='bbox 1461 4367 1660 4442; x_wconf 87' lang='lat' dir='ltr'><strong>cuius</strong></span> <span class='ocrx_word' id='word_1_299' title='bbox 1697 4369 1958 4469; x_wconf 84' lang='lat' dir='ltr'><strong>egregii</strong></span> <span class='ocrx_word' id='word_1_300' title='bbox 1996 4368 2124 4443; x_wconf 85' lang='lat' dir='ltr'><strong>viri</strong></span> <span class='ocrx_word' id='word_1_301' title='bbox 2156 4368 2592 4444; x_wconf 89' lang='lat' dir='ltr'><strong>institutione</strong></span> <span class='ocrx_word' id='word_1_302' title='bbox 2634 4368 3016 4443; x_wconf 90' lang='lat' dir='ltr'><strong>uberrimos</strong></span> <span class='ocrx_word' id='word_1_303' title='bbox 3050 4368 3315 4444; x_wconf 86' lang='lat' dir='ltr'><strong>fructus</strong></span> <span class='ocrx_word' id='word_1_304' title='bbox 3353 4369 3655 4443; x_wconf 63' lang='lat' dir='ltr'><strong>Sinonis-</strong></span> 
     </span>
     <span class='ocr_line' id='line_1_32' title="bbox 617 4486 3656 4588; baseline 0.003 -33"><span class='ocrx_word' id='word_1_305' title='bbox 617 4504 947 4560; x_wconf 67' lang='lat' dir='ltr'><strong>numum</strong></span> <span class='ocrx_word' id='word_1_306' title='bbox 998 4486 1381 4587; x_wconf 85' lang='lat' dir='ltr'><strong>percepisse</strong></span> <span class='ocrx_word' id='word_1_307' title='bbox 1402 4543 1422 4576; x_wconf 96' lang='lat'><strong>,</strong></span> <span class='ocrx_word' id='word_1_308' title='bbox 1492 4488 1754 4588; x_wconf 79' lang='lat' dir='ltr'><strong>insigni</strong></span> <span class='ocrx_word' id='word_1_309' title='bbox 1797 4490 2218 4565; x_wconf 90' lang='lat' dir='ltr'><strong>documento</strong></span> <span class='ocrx_word' id='word_1_310' title='bbox 2263 4496 2371 4564; x_wconf 89' lang='lat' dir='ltr'><strong>est</strong></span> <span class='ocrx_word' id='word_1_311' title='bbox 2416 4490 2715 4565; x_wconf 83' lang='lat' dir='ltr'><strong>Carmen</strong></span> <span class='ocrx_word' id='word_1_312' title='bbox 2762 4486 3167 4588; x_wconf 86' lang='lat' dir='ltr'><strong>Elegiacum</strong></span> <span class='ocrx_word' id='word_1_313' title='bbox 3213 4487 3509 4563; x_wconf 89' lang='lat' dir='ltr'><strong>latinum</strong></span> <span class='ocrx_word' id='word_1_314' title='bbox 3550 4488 3656 4563; x_wconf 92' lang='lat' dir='ltr'><strong>in·</strong></span> 
     </span>
     <span class='ocr_line' id='line_1_33' title="bbox 619 4601 3656 4709; baseline 0.004 -34"><span class='ocrx_word' id='word_1_315' title='bbox 619 4601 989 4702; x_wconf 82' lang='lat' dir='ltr'><strong>scriptum:</strong></span> <span class='ocrx_word' id='word_1_316' title='bbox 1042 4608 1282 4681; x_wconf 78' lang='lat' dir='ltr'><strong>ultima</strong></span> <span class='ocrx_word' id='word_1_317' title='bbox 1327 4608 1626 4683; x_wconf 72' lang='lat' dir='ltr'><strong>Iacobae</strong></span> <span class='ocrx_word' id='word_1_318' title='bbox 1672 4612 2002 4685; x_wconf 83' lang='lat' dir='ltr'><strong>Bavarae</strong></span> <span class='ocrx_word' id='word_1_319' title='bbox 2049 4612 2251 4684; x_wconf 81' lang='lat' dir='ltr'><strong>morti</strong></span> <span class='ocrx_word' id='word_1_320' title='bbox 2277 4610 2643 4708; x_wconf 75' lang='lat' dir='ltr'><strong>prooeimae</strong></span> <span class='ocrx_word' id='word_1_321' title='bbox 2685 4611 2889 4709; x_wconf 57' lang='lat' dir='ltr'><strong>verba</strong></span> <span class='ocrx_word' id='word_1_322' title='bbox 2909 4667 2928 4698; x_wconf 91' lang='lat'>‚</span> <span class='ocrx_word' id='word_1_323' title='bbox 2996 4609 3188 4708; x_wconf 90' lang='lat' dir='ltr'><strong>quod</strong></span> <span class='ocrx_word' id='word_1_324' title='bbox 3247 4634 3290 4684; x_wconf 91' lang='lat' dir='ltr'><strong>a</strong></span> <span class='ocrx_word' id='word_1_325' title='bbox 3350 4634 3423 4683; x_wconf 91' lang='lat' dir='ltr'><strong>se</strong></span> <span class='ocrx_word' id='word_1_326' title='bbox 3472 4634 3656 4686; x_wconf 90' lang='lat' dir='ltr'><strong>com-</strong></span> 
     </span>
     <span class='ocr_line' id='line_1_34' title="bbox 613 4722 3655 4830; baseline 0.004 -35"><span class='ocrx_word' id='word_1_327' title='bbox 613 4722 921 4819; x_wconf 87' lang='lat' dir='ltr'><strong>positum</strong></span> <span class='ocrx_word' id='word_1_328' title='bbox 984 4748 1229 4803; x_wconf 89' lang='lat' dir='ltr'><strong>eoram·</strong></span> <span class='ocrx_word' id='word_1_329' title='bbox 1277 4726 1624 4827; x_wconf 81' lang='lat' dir='ltr'><strong>frequenti</strong></span> <span class='ocrx_word' id='word_1_330' title='bbox 1683 4737 1887 4807; x_wconf 85' lang='lat' dir='ltr'><strong>coetu</strong></span> <span class='ocrx_word' id='word_1_331' title='bbox 1942 4730 2288 4819; x_wconf 87' lang='lat' dir='ltr'><strong>recitavit,</strong></span> <span class='ocrx_word' id='word_1_332' title='bbox 2358 4730 2737 4829; x_wconf 83' lang='lat' dir='ltr'><strong>Gymnasio</strong></span> <span class='ocrx_word' id='word_1_333' title='bbox 2780 4729 2883 4805; x_wconf 92' lang='lat' dir='ltr'><strong>illi</strong></span> <span class='ocrx_word' id='word_1_334' title='bbox 2944 4754 3163 4830; x_wconf 88' lang='lat' dir='ltr'><strong>quum</strong></span> <span class='ocrx_word' id='word_1_335' title='bbox 3228 4729 3655 4807; x_wconf 87' lang='lat' dir='ltr'><strong>valediceret.</strong></span> 
     </span>
     <span class='ocr_line' id='line_1_35' title="bbox 615 4840 3656 4947; baseline 0.004 -34"><span class='ocrx_word' id='word_1_336' title='bbox 615 4840 888 4919; x_wconf 89' lang='lat' dir='ltr'><strong>Deinde</strong></span> <span class='ocrx_word' id='word_1_337' title='bbox 955 4843 1030 4920; x_wconf 90' lang='lat' dir='ltr'><strong>in</strong></span> <span class='ocrx_word' id='word_1_338' title='bbox 1094 4846 1441 4925; x_wconf 89' lang='lat' dir='ltr'><strong>Athenaei</strong></span> <span class='ocrx_word' id='word_1_339' title='bbox 1509 4847 1798 4935; x_wconf 86' lang='lat' dir='ltr'><strong>illustris</strong></span> <span class='ocrx_word' id='word_1_340' title='bbox 1868 4846 2559 4947; x_wconf 78' lang='lat' dir='ltr'><strong>Amstelodamensis</strong></span> <span class='ocrx_word' id='word_1_341' title='bbox 2596 4848 2853 4925; x_wconf 86' lang='lat' dir='ltr'><strong>civium</strong></span> <span class='ocrx_word' id='word_1_342' title='bbox 2920 4872 3295 4927; x_wconf 89' lang='lat' dir='ltr'><strong>numerum</strong></span> <span class='ocrx_word' id='word_1_343' title='bbox 3356 4848 3614 4927; x_wconf 90' lang='lat' dir='ltr'><strong>relatus</strong></span> <span class='ocrx_word' id='word_1_344' title='bbox 3636 4908 3656 4939; x_wconf 91' lang='lat'><strong>,</strong></span> 
     </span>
    </p>
   </div>
   <div class='ocr_carea' id='block_1_3' title="bbox 4617 2699 4624 3647">
    <p class='ocr_par' dir='ltr' id='par_1_7' title="bbox 4617 2699 4624 3647">
     <span class='ocr_line' id='line_1_36' title="bbox 4617 2699 4624 3647; baseline 0 0"><span class='ocrx_word' id='word_1_345' title='bbox 4617 2699 4624 3647; x_wconf 95' lang='lat' dir='ltr'><strong> </strong></span> 
     </span>
    </p>
   </div>
   <div class='ocr_carea' id='block_1_4' title="bbox 4611 4630 4617 5648">
    <p class='ocr_par' dir='ltr' id='par_1_8' title="bbox 4611 4630 4617 5648">
     <span class='ocr_line' id='line_1_37' title="bbox 4611 4630 4617 5648; baseline 0 0"><span class='ocrx_word' id='word_1_346' title='bbox 4611 4630 4617 5648; x_wconf 95' lang='lat' dir='ltr'><strong> </strong></span> 
     </span>
    </p>
   </div>
  </div>
 </body>
</html>
