4766 6034
1159 625 1289 693 202
2380 622 2980 691 IUDIGIA.

1161 831 1457 933 singulis
1530 830 1875 907 aetatibus
1920 837 2201 931 gestum
2262 830 2475 907 fuerit
2493 890 2513 920 ‚
2580 842 2898 908 accurata
2959 837 3195 907 textus
3259 829 3594 907 Hebraici
3611 888 3636 921 ,
3701 836 4053 931 quantum
4109 832 4193 907 ad

1162 952 1263 1026 rei
1332 951 1865 1051 intelligentiam
1920 975 2099 1051 opus
2156 958 2301 1040 est,
2368 952 2821 1053 explicatione
2869 952 3015 1027 suis
3061 952 3230 1027 locis
3281 952 3592 1028 addita?
3693 952 3888 1028 Ordo
3939 952 4196 1053 accepit

1158 1074 1815 1149 commentationem
1861 1072 1973 1147 his
2019 1071 2245 1146 verbis
2292 1071 2725 1148 distinctam:
2797 1076 2930 1148 ηδε·
2979 1074 3344 1151 translatio
3383 1074 3472 1147 ab
3521 1074 3848 1173 orffnali
3889 1076 4195 1149 dissentit

1154 1197 1224 1268 ei
1292 1195 1568 1293 linquae
1618 1196 1852 1295 potius
1908 1194 2314 1267 credendum
2376 1195 2554 1268 unde
2619 1195 2694 1266 in
2759 1195 2980 1268 aliam
3007 1220 3146 1293 per
3189 1194 3816 1293 interpretationem
3840 1196 4060 1291 facta
4103 1202 4196 1269 est

1161 1315 1599 1390 translatio?
1701 1313 2007 1412 Scriptor
2052 1336 2193 1387 non
2248 1338 2404 1387 eam
2452 1312 2783 1413 explicuit
2828 1338 3044 1413 quam
3089 1313 3285 1389 Ordo
3323 1318 3652 1413 posuerat
3684 1296 4194 1411 quaestionem,

1156 1433 1283 1508 sed
1341 1433 1431 1509 ab
1480 1433 1611 1509 hac
1663 1433 2001 1508 diversam
2054 1432 2518 1509 adumbravit.
2619 1434 2866 1512 Quum
2915 1435 3104 1511 enim
3152 1434 3508 1535 agendum
3555 1442 3737 1509 esset
3789 1433 3880 1509 de
3923 1460 4196 1510 munere

1154 1556 1469 1630 iudiciali
1526 1555 1602 1628 in
1669 1553 1911 1628 litibus
1984 1552 2394 1627 dirimendis
2459 1563 2532 1626 et
2581 1577 2857 1627 reorum
2907 1552 3135 1634 causis
3187 1551 3650 1627 diiudicandis
3699 1551 3928 1651 posito
3951 1652 3960 1659 ·
3983 1576 4194 1651 eoque

1156 1673 1310 1750 aliis
1380 1674 1813 1774 temporibus
1866 1673 2001 1749 alia
2064 1673 2334 1755 ratione
2403 1673 2596 1773 apud
2667 1672 3030 1749 Hebraeos
3101 1673 3584 1777 administrato
3606 1730 3629 1760 ,
3707 1680 4194 1771 argumentum

1154 1793 1368 1869 huius
1417 1793 2021 1870 commentationis
2072 1801 2240 1867 sunt
2286 1793 2414 1867 viri
2466 1793 2592 1892 qui
2645 1793 2819 1870 κατ’
2861 1796 3148 1892 ἐξοχὴν
3185 1794 3464 1868 Iudices
3503 1791 3832 1867 dicuntur
3874 1818 4194 1891 quorum·

1154 1939 1294 2012 que
1364 1938 1476 1989 res
1549 1921 1787 2014 gestae
1859 1914 1951 1988 ad
2022 1938 2235 1989 unam
2299 1913 2512 2012 vulgo
2571 1914 2964 1991 referuntur
3015 1913 3340 1989 historiae
3399 1912 3820 1988 Israeliticae
3877 1921 4191 1989 aetatem.

1156 2036 1245 2108 In
1300 2034 1431 2109 hoc
1482 2042 1720 2109 autem
1771 2041 2184 2133 argumento
2218 2034 2578 2109 tractando
2619 2034 2910 2135 scriptor
2947 2033 3082 2111 alia
3125 2035 3412 2137 quidem
3452 2058 3632 2134 quae
3677 2034 3818 2109 huc
3853 2034 4196 2133 pertinent

1156 2180 1299 2232 non
1366 2156 1571 2256 plane
1645 2155 1994 2256 neglexit,
2066 2155 2369 2230 maxime
2439 2162 2675 2230 tamen
2741 2155 3222 2255 chronologiae
3282 2155 3720 2256 indagandae
3738 2212 3759 2246 ,
3829 2154 4038 2229 cuius
4105 2156 4198 2229 rei

1155 2278 1603 2352 difficillimae
1678 2277 2047 2377 explicatio
2114 2300 2253 2349 non
2317 2275 2833 2375 requirebatur,
2897 2301 3178 2375 operam
3243 2278 3455 2351 dedit.
3557 2275 3702 2349 Sed
3757 2274 3924 2349 huic
3991 2298 4194 2373 quae-

1153 2398 1360 2472 stioni
1427 2398 1560 2471 rite
1631 2397 1997 2473 solvendae
2056 2397 2171 2471 ille
2188 2454 2206 2484 ‚
2272 2396 2433 2471 licet
2475 2396 2882 2496 diligentem
2933 2398 3206 2471 afferret
3246 2398 3592 2472 variorum
3637 2394 3977 2469 librorum
4023 2395 4196 2469 noti-

1152 2520 1325 2593 tiam
1348 2576 1367 2607 ,
1442 2541 1664 2617 quum
1731 2518 2080 2617 praeclara
2122 2517 2583 2591 recentiorum
2625 2518 2833 2616 opera
2877 2516 3259 2617 ignoraret,
3307 2517 3532 2619 impar
3573 2516 3728 2592 fuit.
3827 2516 3971 2591 His
4013 2540 4195 2591 acce-

1150 2638 1333 2713 dunt
1372 2637 1865 2736 hypothesium
1904 2661 2276 2736 rerumque
2312 2637 2517 2737 plane
2555 2636 2936 2713 alienarum
2975 2639 3174 2739 copia
3215 2646 3288 2713 et
3328 2637 3566 2738 inopia
3617 2636 4198 2736 interpretationis

1148 2757 1605 2857 philologia-ae
1626 2816 1649 2847 ,
1699 2756 1929 2831 textui
1976 2755 2325 2831 Hebraico
2374 2757 2520 2831 suis
2567 2756 2734 2833 locis
2782 2758 3162 2835 addendae.

1255 2876 1739 2956 Quamobrem
1802 2877 1995 2952 Ordo
2044 2877 2223 2952 hanc
2277 2878 2932 2954 commentationem
2978 2904 3228 2979 parum
3277 2880 3486 2955 etiam
3550 2878 3800 2955 latine
3873 2876 4196 2976 scriptam

1166 2998 1473 3096 praemio
1520 2997 1711 3074 haud
1761 2999 2141 3075 ornandam
2194 3023 2343 3078 esse
2389 2997 2739 3074 iudicavit.

2975 3137 3070 3198 W.
3110 3137 3164 3198 1.
3201 3138 3276 3198 A.
3315 3135 3864 3208 IONCKBLOET‚

3089 3241 3227 3302 Ora.
3265 3243 3334 3338 B.»
3365 3247 3410 3300 t.
3451 3244 3520 3302 ab
3559 3242 3722 3302 actis.

1268 3487 1458 3560 Ordo
1508 3485 2159 3560 Iurisconsultmm
2195 3485 2469 3560 nullum
2509 3485 2774 3586 accepit
2808 3484 3233 3584 quaestionis
3265 3486 3656 3585 propositae
3689 3509 4122 3583 responsum.

3099 3645 3166 3706 C.
3208 3647 3410 3706 STAR
3447 3645 3746 3706 NUMAN
3758 3690 3775 3717 ‚

3187 3748 3321 3808 Ord.
3341 3751 3400 3810 h.
3421 3755 3469 3809 t.
3488 3751 3557 3809 ab
3578 3748 3740 3809 acti-n.

1258 3969 1445 4044 Ordo
1490 3967 1923 4041 Medicorum
1970 3964 2330 4066 proposuit
2367 3965 2550 4041 hanc
2585 3965 3102 4074 quaestionem=
3159 3967 3658 4067 nExponantur
3699 3993 3878 4069 quae
3923 3977 4190 4068 postre-

1146 4089 1281 4164 mis
1349 4085 1552 4163 annis
1624 4086 1716 4161 ab
1782 4086 2075 4162 eruditis
2133 4086 2315 4162 facta
2376 4096 2450 4160 et
2514 4087 2770 4186 scripta
2831 4095 2996 4162 sunt
3062 4093 3144 4162 ut
3199 4088 3400 4166 lienis
3442 4090 3709 4166 functio
3759 4090 4187 4166 definiretur.

1143 4210 1301 4284 Fiat
1343 4215 1581 4284 autem
1629 4207 1730 4282 ita
1766 4217 1849 4281 ut
1882 4207 2371 4307 experimentis
2407 4215 2480 4282 et
2519 4207 3112 4284 observationibus
3154 4210 3447 4311 propriis
3479 4219 3910 4312 superstruat
3947 4221 4194 4286 auctor

1144 4328 1559 4406 sententiam
1615 4351 1827 4426 quam
1877 4327 2339 4427 amplectatur
2358 4386 2379 4416 ‚
2433 4326 2574 4403 sive
2619 4329 2942 4404 anteriori
2993 4329 3201 4407 alicui
3241 4332 3766 4407 assentiendum
3796 4339 4000 4430 putet
4043 4331 4190 4406 sive

1132 4474 1380 4526 novam
1432 4449 1583 4549 ipse
1631 4448 2042 4548 proponat.”

1230 4571 1540 4671 Accepta
1617 4578 1783 4644 sunt
1857 4593 2189 4669 responsa
2267 4575 2568 4668 quatuor
2585 4627 2610 4658 ‚
2677 4595 2890 4645 unum
2966 4579 3284 4649 notatum
3357 4572 3585 4647 verbis
3671 4575 4185 4649 Guusauaon:

1139 4692 1294 4765 nE'a
1353 4691 1563 4766 bleibt
1634 4715 1765 4764 nur
1824 4692 2023 4791 ic'bmy
2080 4715 2207 4766 aas
2266 4693 2424 4766 dem
2459 4694 2818 4786 feinerem
2860 4693 3026 4768 Bau
3071 4695 3193 4768 der
3233 4695 3419 4768 Milz
3463 4695 3643 4768 nack
3679 4695 4014 4793 Analoyie
4055 4700 4202 4789 auf

1128 4814 1335 4890 deren
1394 4812 1733 4887 Function
1796 4836 1883 4887 zu
1938 4811 2309 4922 schlieazeqn
2326 4809 2398 4902 ,''
2458 4809 2674 4909 idque
2747 4813 3218 4914 conscriptum
3273 4815 3678 4904 vernacula3
3727 4815 4032 4889 alterum
4079 4814 4190 4889 in·
