4766 6034
1087 606 1172 673 16
1476 562 1479 565 ⁴
2129 605 2199 671 Τ.
2262 603 2343 673 G.
2403 605 2459 669 J.
2520 602 3095 671 JUYNBOLL

1086 812 1521 911 repentinam
1582 810 1923 885 Sonmnn
1982 816 2279 887 mortem
2298 869 2318 900 ,
2387 817 2458 885 et
2508 834 2599 886 ne
2653 812 2788 886 alia
2845 811 3098 887 addam
3121 870 3142 901 ,
3205 836 3547 899 summas,
3613 812 3870 911 quibus
3929 812 4120 889 Libri

1088 930 1373 1006 Arabici
1428 931 1677 1005 edendi
1739 955 2007 1029 semper
2053 930 2348 1030 subjecti
2397 940 2601 1019 sunt,
2651 940 2820 1005 tunc
2865 956 3024 1006 vero
3065 933 3288 1033 magis
3337 934 3546 1007 etiam
3587 934 4076 1032 premebantur
4097 992 4117 1022 ,

1090 1050 1552 1133 difficultates.
1652 1050 1805 1125 Has
1865 1058 2098 1123 tamen
2149 1074 2476 1148 magnam
2525 1059 2792 1148 partem
2843 1052 3125 1126 sustulit
3169 1054 3683 1141 HAMAKERUS,
3733 1054 3936 1152 cujus
3986 1054 4121 1128 ala-

1088 1171 1317 1245 critati
1378 1184 1446 1244 et
1479 1169 1975 1244 ,efficacissimo
2043 1170 2464 1245 Curatorum
2535 1169 2952 1245 interventui
3018 1171 3316 1248 favorem
3390 1174 3726 1247 debemus
3746 1232 3765 1262 ,
3833 1198 3976 1271 quo
4035 1172 4122 1247 ab

1089 1315 1272 1365 anno
1324 1292 1510 1363 1823
1559 1292 1859 1364 eecce-enti
1882 1292 2144 1388 floreni
2183 1288 2414 1363 Libris
2464 1290 2619 1365 00.
2673 1290 2959 1365 edendis
3002 1317 3089 1366 ex
3127 1292 3406 1391 publico
3449 1292 3708 1367 aerario
3753 1293 4124 1390 quotannis

1078 1410 1583 1484 attribuuntur.

1182 1530 1343 1605 Alia
1418 1530 1703 1628 insuper
1768 1528 2163 1627 impetravit
2212 1528 2696 1604 Wmmnsms.
2795 1530 2936 1604 Eos
2983 1530 3314 1605 nimirum
3362 1531 3634 1606 Literae
3683 1532 3839 1607 00.
3893 1532 4127 1605 nostra

1087 1657 1309 1725 aetate
1371 1648 1719 1723 faciebant
1775 1673 2215 1748 progressuS‚
2286 1656 2365 1725 ut
2429 1650 2488 1724 si
2537 1651 2940 1749 Interpretis
2993 1651 3286 1725 Munere
3336 1652 3513 1725 bene
3556 1652 3997 1750 fungeretur,
4047 1676 4126 1727 ac

1084 1770 1507 1868 Disciplinae
1564 1769 1738 1843 votis
1802 1768 2312 1867 quodammodo
2361 1771 2844 1867 responderet,
2911 1770 3143 1845 omnia
3184 1774 3363 1846 solua
3401 1796 3541 1845 non
3587 1772 3886 1869 amplius
3931 1795 4124 1870 pera-

1084 1914 1247 1987 gere
1294 1895 1545 1987 posset.
1646 1890 1893 1985 Itaque
1944 1896 2190 1985 quarto
2232 1888 2501 1963 decimo
2546 1888 2798 1981 abhinc
2845 1913 3027 1965 anno
3053 1892 3241 1965 Auos
3283 1900 3528 1965 nactus
3571 1900 3680 1965 est
3721 1894 4124 1989 Acgy'utoree,

1082 1988 1341 2107 quibus
1390 2016 1629 2105 postea
1674 2016 1907 2082 tamen
1958 2033 2128 2081 unua
2174 2016 2450 2082 tantum
2501 2008 2832 2083 suffectus
2881 2017 2988 2083 est
3037 2011 3160 2101 ³⁴).

1185 2126 1674 2201 conditionem
1720 2150 1925 2225 erg0‚
1975 2127 2117 2226 qufi.
2165 2128 2370 2202 hodie
2419 2128 2588 2203 haec
2637 2129 3020 2227 Disciplina
3065 2130 3357 2217 fruitur,
3407 2128 3699 2227 pristina
3737 2128 4126 2203 conditione

1084 2246 1307 2319 multo
1384 2246 1685 2345 profecto
1760 2246 2111 2320 meliorem
2135 2305 2156 2334 ‚
2241 2248 2480 2345 magni
2551 2232 2844 2323 facimus
2866 2306 2886 2336 ,
2966 2255 3038 2322 et
3113 2259 3312 2348 grato
3388 2246 3622 2323 animo
3702 2247 4128 2321 celebramus

1084 2365 1421 2439 lubenter.
1540 2367 1652 2439 Ne
1704 2373 1938 2439 tamen
1987 2373 2315 2465 putemus
2365 2392 2409 2440 a
2458 2367 2778 2441 Civitatis
2824 2367 3098 2441 auxiliis
3145 2368 3397 2443 laetam
3437 2369 3684 2441 harum
3733 2367 4126 2441 Literarum

1084 2494 1336 2559 sortem
1404 2485 1603 2559 unice
1663 2483 1982 2582 pendere.
2084 2486 2388 2559 Aliorum
2446 2485 2654 2559 etiam
2724 2511 2936 2583 quam
3002 2487 3460 2584 plurimorum
3526 2486 3753 2560 favore
3814 2488 4124 2585 ipsarum

1080 2605 1399 2679 studium
1462 2604 1945 2691 excitandum,
2014 2603 2376 2692 alendum,
2453 2606 2986 2679 sustentandum
3045 2615 3170 2681 est.
3273 2608 3560 2705 Semper
3621 2606 3907 2703 quidem
3975 2630 4128 2681 rara

1078 2724 1315 2799 futura
1352 2732 1519 2798 sunt
1554 2726 1986 2811 ScAmemu,
2018 2722 2428 2812 WAmmm,
2467 2750 2546 2799 ac
2575 2725 2810 2799 nostra
2841 2734 3063 2800 aetate
3099 2728 3620 2799 Ronanzorrtl
3655 2726 3754 2817 ³⁵)
3788 2726 4121 2824 exempla.

1079 2844 1181 2918 At
1250 2852 1422 2941 quot
1480 2842 1955 2941 reperiuntur,
2023 2843 2282 2941 quibus
2304 2903 2325 2932 ‚
2397 2844 2486 2919 de
2547 2845 2676 2919 hac
2739 2845 3124 2943 Disciplina
3192 2845 3466 2943 egregie
3539 2845 3854 2918 merendi
3931 2844 4128 2943 copia

1082 2962 1329 3052 datur,
1398 2963 1538 3037 sive
1592 2961 1825 3037 Libris
1886 2962 2095 3037 MSS.
2160 2971 2396 3040 nostro
2442 2965 2804 3066 apparatui
2857 2965 3194 3042 addendis
3216 3023 3236 3054 ,
3289 2964 3430 3038 sive
3476 2964 4128 3064 pretiosissimorum

1084 3085 1396 3182 Operum
1459 3083 1760 3158 editione
1820 3085 2261 3180 provocanda,
2298 3094 2422 3160 aut
2475 3086 2982 3185 promovenda,
3033 3087 3175 3160 sive
3221 3085 3722 3183 praestantium
3749 3087 4128 3159 ‘Juvenum

1079 3204 1333 3278 studiis
1376 3203 1700 3303 juvandis
1719 3260 1739 3291 ,
1790 3211 2003 3300 atque
2040 3206 2552 3302 opportunitate
2592 3207 2839 3280 iisdem
2877 3206 3180 3305 paranda
3215 3205 3382 3278 alias
3421 3204 3626 3277 etiam
3663 3203 4128 3279 Bibliothecas

1083 3323 1425 3410 adeundi,
1497 3324 1711 3397 iterve
1772 3323 1862 3395 inf
1912 3324 2272 3397 Orientem
2336 3323 2794 3421 suscipiendi!
2888 3322 3303 3421 Cujusmodi
3352 3321 3598 3396 itinera
3644 3331 3944 3419 quantae
3989 3321 4128 3395 sint

1083 3442 1405 3518 utilitatis
1476 3441 1569 3516 ad
1631 3443 1946 3541 Linguas
1996 3442 2152 3515 00.
2198 3443 2480 3544 penitus
2529 3443 3040 3541 cognoscendas
3060 3499 3080 3530 ,
3131 3442 3222 3516 ad
3268 3440 3561 3539 priscam
3611 3441 3916 3515 Orientis
3965 3465 4124 3516 con-

1086 3562 1423 3636 ditionem
1481 3586 1569 3635 ex
1635 3561 1950 3636 hodierni
2005 3585 2237 3634 rerum
2296 3559 2521 3634 statiis
2587 3561 3130 3634 consideratione
3193 3560 3671 3634 illustrandam
3690 3618 3709 3648 ,
3769 3559 3862 3633 ad
3917 3583 4128 3633 novos

1082 3681 1332 3756 Libros
1398 3680 1855 3780 colligendos,
1930 3683 2212 3756 Gonms
2276 3681 2445 3754 olim
2495 3680 2850 3780 probavit,
2911 3706 2993 3755 ac
3043 3680 3250 3754 multi
3293 3679 3568 3766 Exteri,
3627 3678 3782 3751 Viri
3832 3677 4124 3753 celeber-

1083 3800 1282 3889 rimi,
1334 3808 1415 3875 ut
1464 3801 1763 3876 vidimus
1782 3859 1802 3889 ‚
1852 3800 2059 3876 hodie
2107 3800 2425 3899 probant.

1186 3921 1305 3994 Ad
1374 3921 1666 3996 Codices
1730 3920 1982 3994 deinde
2047 3920 2374 4020 legendos
2443 3927 2513 3994 et
2572 3921 2909 4011 edendos,
2969 3945 3182 4020 quam
3235 3919 3692 4017 plurimorum
3736 3917 4128 4016 postulatur

1087 4067 1313 4142 opera.
1411 4040 1528 4115 Ab
1583 4041 1669 4114 iis
1736 4040 1906 4114 haec
1962 4041 2268 4138 primum
2316 4050 2788 4139 exspectatur,
2850 4042 2974 4139 qui
3019 4067 3134 4116 eas
3172 4041 3441 4114 Litera‘s
3490 4038 3624 4137 ipsi
3665 4038 3953 4126 docent,
4004 4037 4126 4110 sed

1088 4169 1159 4236 et
1197 4162 1268 4236 in
1314 4163 1489 4252 vos,‘
1521 4161 1565 4236 J
1575 4183 1827 4236 uvenes
1870 4160 2236 4260 praeclari!
2300 4161 2686 4260 Disciplina
2727 4163 2962 4236 oculos
3005 4185 3364 4236 conversos
3408 4166 3597 4232 tenet
3613 4192 3634 4245 3
3686 4182 3812 4232 nec
3849 4164 4124 4232 tantum

1084 4283 1159 4358 in
1230 4282 1614 4382 Theologds
1635 4340 1656 4370 ‚
1726 4280 1851 4355 sed
1922 4280 1997 4354 in
2060 4305 2178 4354 eos
2249 4281 2458 4356 etiam
2478 4340 2497 4370 ,
2569 4282 2693 4380 qui
2741 4283 2814 4356 in
2861 4283 3011 4357 aliis
3057 4280 3457 4379 Disciplinis
3507 4303 3802 4378 operam·
3830 4284 4120 4376 ponunt.

1084 4403 1336 4488 Nullos
1401 4429 1467 4478 a·
1506 4429 1581 4477 se
1636 4403 1896 4476 alienos
1957 4408 2193 4474 censet
2242 4400 2633 4476 Literarum
2696 4402 2853 4476 00.
2909 4401 3222 4476 studium
3242 4458 3262 4488 ,
3323 4399 3492 4496 quin
3566 4406 3645 4499 ut
3703 4405 4000 4484 metam,
4049 4397 4124 4470 in

1092 4546 1301 4621 quam
1370 4523 1638 4609 tendit,
1704 4516 2077 4619 aliquando
2135 4520 2474 4620 attingat,
2537 4522 2850 4597 omnium
2907 4521 3446 4619 Disciplinarum
3503 4518 3778 4594 auxiliis
3831 4515 4120 4614 indiget.

1088 4641 1325 4715 Multa
1360 4642 1543 4716 enim
1590 4642 1749 4715 licet
1787 4641 1929 4716 iam
1979 4648 2131 4716 acta
2178 4641 2320 4715 sint
2340 4699 2360 4729 ,
2409 4641 2634 4718 multo
2677 4642 2877 4741 plura
2911 4634 3304 4742 peragenda
3345 4644 3626 4714 restant.
3709 4638 3870 4710 Non
3916 4635 4122 4711 aliam

1086 4760 1231 4836 fere
1268 4760 1437 4838 haec
1476 4760 1861 4860 Disciplina
1906 4784 2095 4837 nunc
2140 4761 2309 4838 vivit
2358 4768 2658 4836 aetatem
2671 4818 2695 4853 ,
2745 4786 2958 4860 quam
3005 4760 3251 4838 Graeci
3293 4768 3365 4836 et
3406 4757 3708 4834 Romani
3745 4757 4125 4858 Scriptores
