4766 6034
1150 566 1189 626 8
2217 565 2282 633 F.
2366 564 2445 630 G.
2532 564 3116 632 KRIEGER

1247 769 1498 866 Itaque
1531 767 1815 843 alteram
1847 775 2114 868 partem
2132 828 2153 859 ,
2196 794 2380 870 quae
2416 772 2763 872 propriam
2805 772 3283 871 complectitur
3302 771 3714 862 orationem,
3744 771 3819 846 in
3841 773 4171 871 praesenti

1151 913 1478 989 seponere
1528 913 1804 964 mecum
1857 889 2184 965 constitui
2203 950 2223 980 ,
2293 899 2505 992 atque
2553 894 2732 970 hanc
2790 895 3031 970 horam
3080 892 3514 969 solummodo
3574 891 3952 969 referendis
4005 895 4166 968 Aca-

1150 1010 1417 1086 demiae
1464 1009 1690 1099 Fatis,
1749 1017 1820 1084 et
1874 1010 2190 1086 tristibus
2230 1019 2302 1087 et
2347 1013 2544 1088 laetis
2561 1073 2581 1102 ‚
2624 1014 3045 1113 impendam.

1245 1131 1354 1205 De
1422 1129 1680 1229 quibus
1748 1131 2175 1230 exponendis
2241 1133 2474 1207 animo
2552 1133 2759 1208 velim
2833 1134 3165 1210 benevolo
3235 1131 3662 1231 auribusque
3712 1131 4003 1207 attentis
4074 1155 4171 1205 me

1151 1249 1477 1324 audiatis.
2032 1321 2047 1338 ‚

1247 1371 1676 1471 Magnopere
1731 1370 1905 1444 mihi
1969 1371 2104 1469 ipsi
2149 1373 2531 1470 gratularer
2548 1431 2569 1460 ,
2636 1373 2697 1447 si
2740 1373 2921 1448 laeta
2974 1372 3149 1446 mihi
3203 1370 3689 1448 tantummodo
3734 1376 3971 1445 essent
4012 1367 4171 1443 refe-

1148 1491 1364 1566 renda
1381 1549 1401 1579 ,
1473 1492 1531 1564 si
1597 1492 1744 1565 sine
1802 1491 1996 1566 clade
2058 1515 2284 1566 annus
2339 1501 2808 1592 praeteractus
2857 1492 3122 1569 fuisset.
3224 1492 3364 1566 Sed
3427 1491 3603 1568 adeo
3666 1489 3989 1566 felicibus
4038 1511 4173 1562 esse

1150 1611 1352 1686 nobis
1435 1611 1648 1686 eheu!
1731 1636 1871 1685 non
1957 1611 2266 1711 contigit.
2393 1614 2591 1687 Duos
2658 1613 2839 1687 viros
2911 1611 3389 1703 celeberrimos
3462 1635 3639 1711 quos
3716 1605 4175 1683 venerabundi

1151 1732 1615 1831 diligebamus
1638 1789 1658 1820 ‚
1729 1715 1893 1806 cum
1961 1731 2194 1806 dolore
2259 1733 2733 1808 desideramus
2792 1741 2863 1809 et
2934 1741 3154 1807 morte
3226 1731 3429 1806 nobis
3504 1737 3775 1830 ereptos
3848 1727 4172 1803 dolemus,

1147 1853 1431 1926 Etenim
1499 1850 1689 1924 haud
1753 1850 1853 1924 ita
1919 1850 2147 1925 multo
2217 1861 2376 1951 post
2438 1854 2861 1929 celebratum
2908 1852 3327 1928 Academiae
3377 1851 3563 1927 diem
3610 1849 3914 1926 natalem
3958 1848 4171 1922 ΒΗΚ-

1149 1995 1559 2045 wAnn‘rmM
1621 1976 1908 2044 naturae
1961 1972 2377 2047 concessisse
2416 1973 2625 2049 iussis
2679 1973 2882 2048 nobis
2926 1972 3212 2046 offertur
3255 1969 3585 2057 nuntius;
3634 1967 3941 2044 necdum
3994 1967 4176 2041 luctu

1150 2092 1238 2165 de
1305 2090 1432 2164 hac
1493 2098 1774 2190 accepta
1835 2090 2031 2165 clade
2087 2091 2401 2192 deposito
2469 2095 3076 2170 Smonnnnnntm
3135 2091 3463 2166 audimus
3526 2113 3931 2189 supremum
4000 2087 4175 2160 diem

1156 2211 1430 2285 obiisse.

1248 2332 1377 2405 Est
1426 2331 1554 2406 hoc
1603 2331 1880 2432 Rectori
1929 2331 2078 2432 lege
2125 2333 2533 2409 mandatum
2578 2334 2777 2432 pium
2820 2333 3122 2408 officium
3140 2391 3161 2421 ,
3223 2340 3305 2406 ut
3351 2354 3640 2406 munere
3706 2352 3835 2403 suo
3902 2324 4173 2399 defunc-

1146 2458 1264 2526 tus
1283 2510 1302 2539 ,
1367 2460 1743 2550 antequam
1802 2452 2220 2528 Academiae
2281 2454 2501 2529 fasces
2562 2455 2935 2530 successori
2986 2454 3252 2542 tradat,
3304 2451 3594 2528 solemni
3639 2449 3847 2525 modo
3892 2445 4173 2544 eollege-

1147 2596 1305 2645 rum
1329 2629 1348 2659 ,
1403 2595 1476 2645 se
1525 2570 1820 2645 Rectore
1872 2579 2303 2648 mortuorum
2324 2633 2345 2663 ,
2393 2575 2793 2650 memoriam
2842 2575 3117 2650 recolat.

1247 2686 1399 2764 Nec
1472 2699 1740 2780 tamen,
1814 2691 1989 2766 mihi
2062 2694 2354 2783 credite,
2427 2703 2510 2770 ut
2562 2694 2700 2794 legi
2751 2695 3263 2794 obtemperem,
3312 2693 3401 2767 de
3448 2690 3608 2766 viris
3652 2685 3951 2788 egregiis
3998 2684 4175 2769 istis,

1151 2835 1381 2888 coram
1442 2811 1636 2886 vobis
1655 2870 1675 2900 ,
1752 2811 1957 2888 verba
2022 2837 2136 2888 me
2193 2839 2345 2889 esse
2390 2815 2757 2890 facturum.
2860 2817 3059 2899 Quos
3106 2814 3294 2888 enim
3337 2835 3479 2886 non
3520 2809 3747 2884 solum
3790 2805 3961 2880 haec
4009 2804 4173 2879 Aca-

1152 2930 1382 3006 demia
1400 2989 1421 3021 ‚
1493 2932 1616 3006 sed
1671 2938 1818 3007 tota
1868 2933 2092 3033 patria
2135 2943 2371 3010 nostra
2416 2934 2611 3035 luget
2661 2932 2796 3010 sibi
2846 2942 3117 3035 ereptos
3140 2992 3161 3025 ,
3210 2933 3295 3007 iis
3338 2955 3425 3007 ex
3482 2929 3614 3003 hoc
3672 2929 4013 3025 suggestu
4066 2944 4179 3021 par

1147 3060 1254 3127 est
1331 3077 1654 3151 suprema
1735 3053 1945 3143 solvi3
2025 3080 2254 3154 neque
2333 3056 2643 3130 sufficere
2730 3055 3153 3155 intelligitis,
3240 3048 3654 3127 Auditoresl
3746 3044 4177 3119 honorifieam
4309 3124 4337 3135 -

1145 3174 1516 3248 nominum
1574 3175 2000 3251 mentionem
2025 3235 2044 3264 ,
2113 3176 2237 3251 sed
2278 3175 2598 3249 lubentes
2616 3234 2637 3263 ,
2686 3172 3315 3275 persuasummihi
3363 3178 3505 3259 est,
3567 3191 3683 3242 me
3728 3160 4177 3267 expone-ntem

1148 3293 1448 3368 audietis
1499 3294 1587 3369 de
1637 3319 1878 3369 eorum
1930 3296 2073 3370 vita
2089 3355 2109 3385 ,
2158 3296 2320 3371 fatis
2367 3296 2728 3394 factisque.

1246 3415 1509 3511 Itaque
1557 3415 1784 3513 primo
1827 3415 1976 3490 loco
2021 3417 2541 3491 anwann‘ru
2578 3417 2791 3491 vitam
2836 3415 3135 3491 breviter
3176 3411 3530 3489 enarrabo.

1253 3516 1639 3609 Crispinus
1719 3538 2095 3613 Gnonoms
2164 3536 2513 3611 Csaonus
2560 3536 3020 3610 anwARDT
3082 3541 3291 3609 natus
3348 3540 3456 3608 est
3522 3530 3635 3605 die
3682 3525 3891 3613 tertio
3934 3518 4187 3596 mensis

1151 3650 1342 3724 Iunii
1379 3652 1545 3725 anni
1583 3657 1770 3730 1753
1812 3652 2446 3757 Luetringhausae,
2486 3655 2559 3729 in
2591 3678 2675 3731 ea
2706 3654 3075 3730 Borussiae
3109 3662 3305 3754 parte
3336 3651 3463 3752 qui
3493 3651 3793 3725 ducatus
3810 3645 4188 3719 Montanus

1153 3770 1559 3870 appellatur.

1253 3891 1462 3965 Pater
1512 3891 1890 3971 Ionmnns
1937 3897 2321 3973 Gnonoros
2369 3898 2831 3971 anwsanr
2882 3899 3339 3969 mercaturam
3380 3887 3743 3967 exercebat
3782 3908 4003 3984 eaque
4046 3882 4185 3957 erat

1157 4010 1590 4086 humanitate
1629 4019 1702 4088 et
1737 4013 2056 4115 ingenio,
2099 4024 2179 4090 ut
2215 4016 2367 4116 ipse
2402 4018 2527 4091 filii
2563 4015 2989 4091 educationis
3020 4022 3288 4114 partem
3326 4018 3560 4111 posset
3596 4007 3979 4105 suscipere,
4022 4002 4183 4077 dum

1167 4129 1378 4205 simul
1419 4130 1759 4231 Lennepii
1783 4134 2244 4233 ‚gymnasium
2284 4125 2789 4234 frequentaret3
2848 4141 3044 4233 patre
3090 4141 3364 4207 mortuo
3384 4190 3405 4219 ,
3470 4128 3793 4206 avunculi
3834 4124 3979 4219 (cui
4016 4117 4183 4197 Mel-

1159 4250 1409 4325 chioris
1469 4251 1967 4353 Goldenbergii
2018 4278 2270 4328 nomen
2317 4262 2492 4348 erat)
2546 4256 2734 4328 venit
2782 4254 2855 4328 in
2915 4254 3206 4327 tutelam
3227 4311 3247 4339 ,
3313 4250 3725 4351 egregieque
3792 4244 3911 4319 ille
3972 4242 4183 4317 bonae

1173 4370 1321 4469 spei
1371 4360 1790 4448 adolescenti
1831 4374 2304 4449 educando·et
2339 4374 2565 4472 magis
2606 4373 2967 4472 magisque
3010 4371 3389 4446 erudiendo
3432 4365 3801 4445 consuluit.

1259 4490 1469 4565 Anno
1511 4494 1758 4567 aetatis
1795 4494 2064 4569 decimo
2105 4500 2350 4593 quarto
2390 4494 2966 4568 RmeARn'rms
3000 4493 3227 4567 fratris
3268 4488 3661 4589 exemplum
3704 4491 3987 4559 secutus
4006 4540 4027 4569 ,
4072 4472 4183 4576 qui

1159 4607 1300 4681 iam
1360 4610 1669 4709 primum
1729 4613 2336 4688 Amstelodamum
2392 4636 2465 4687 se
2507 4612 2888 4686 contulerat
2934 4620 3013 4687 ut
3050 4611 3479 4711 pharmaciae
3521 4607 3869 4693 studeret,
3921 4601 4179 4677 eodem·
4314 4620 4337 4721 J

1163 4751 1301 4823 que
1364 4730 1711 4828 profectus
1775 4731 1850 4805 in
1913 4732 2445 4831 pharmaceutae
2497 4731 2928 4830 disciplinam
2985 4734 3207 4808 venit:
3271 4756 3398 4807 nec
3462 4730 3726 4803 minore
3774 4723 4011 4801 studio
4057 4737 4181 4817 quo
