4766 6034
1047 876 1598 983 ORDO
1764 868 3092 997 LECTIONUM,

1265 1152 1374 1235 ΙΝ
1439 1153 2012 1234 ACADEMIA
2069 1148 2849 1239 GRONINGANA.

1850 1401 2264 1447 HABRNDARUM

580 1626 660 1685 IN
670 1624 758 1685 m:
783 1623 827 1684 A
859 1624 1098 1687 MENSE
1124 1624 1321 1688 sEPT.
1343 1623 1532 1686 ANNI
1550 1624 2028 1688 Clnlncchnl
2043 1626 2144 1687 An
2161 1624 2429 1687 FERIAS
2442 1584 2811 1685 AESTI’VAN
2829 1622 3016 1684 ANNI
3032 1621 3519 1685 cmmcchlv.

1344 2082 1454 2155 IN
1501 2082 2064 2160 FACULTATE
2115 2081 2767 2157 THEOLOGICA.

631 2302 924 2376 Pare-us
975 2298 1376 2375 Horsrsna
1425 2323 1522 2374 ms
1569 2302 1831 2375 Gaoo'r
1877 2300 2126 2377 diebus
2167 2300 2447 2388 Lunae,
2492 2298 2661 2373 hora
2693 2298 2914 2388 VIII,
2947 2299 3237 2389 Martis,
3268 2300 3435 2375 hora
3463 2300 3566 2388 X,
3673 2354 3675 2359 ·

533 2428 604 2493 et
647 2402 989 2495 'Mercurii
1008 2477 1028 2508 ‚
1069 2418 1236 2493 hora
1285 2417 1468 2491 VIII
1483 2477 1504 2507 ,
1561 2420 1944 2496 Historiam
1995 2422 2311 2495 Ecclesia
2367 2418 2839 2507 Christianae,
2896 2418 3279 2494 secundum
3315 2420 3568 2495 Linea·

535 2548 764 2617 menta
814 2563 940 2614 sua
957 2596 978 2628 ,
1037 2538 1224 2637 typis
1271 2536 1664 2637 divulgata,
1711 2539 2086 2628 enarrabit3
2133 2537 2379 2613 diebus
2419 2538 2661 2613 Lunae
2681 2596 2703 2627 ,
2750 2538 3079 2615 Mercurii
3130 2546 3201 2613 ct
3245 2537 3531 2614 Veneris
3553 2597 3570 2627 ,

533 2660 710 2735 hora
753 2659 828 2733 X
849 2718 868 2749 ,
921 2661 1390 2759 Doymaticam
1439 2666 1511 2735 et
1552 2661 2048 2760 Apoloyetieam
2101 2646 2563 2733 Christianam
2584 2715 2604 2747 ,
2668 2660 3054 2734 secundum
3110 2660 3573 2756 Compendium

533 2806 576 2855 a
615 2780 702 2858 L.
751 2782 844 2856 G.
897 2781 1204 2855 Panum
1247 2783 1318 2853 et
1363 2802 1438 2853 sc
1487 2779 1754 2855 editum
1778 2839 1799 2870 ‚
1867 2785 2202 2879 exponet3
2263 2778 2513 2853 diebus
2556 2778 2801 2854 Lunae
2848 2786 2921 2857 et
2964 2780 3296 2856 Mercurii
3319 2838 3339 2869 ‚
3407 2781 3573 2855 hora

532 2898 646 2973 IX
666 2957 690 2987 ‚
759 2905 832 2973 et
885 2898 1136 2973 Martis
1153 2955 1174 2987 ‚
1237 2895 1406 2971 hora
1463 2897 1576 2971 XI
1593 2956 1612 2987 ,
1685 2899 2108 2999 Theoloyiam
2163 2898 2569 2973 Naturalem
2587 2955 2608 2987 ‚
2678 2899 3063 2974 secundum
3116 2903 3580 2998 compendium

533 3047 576 3096 a
626 3045 708 3095 se
763 3019 1032 3094 editum
1050 3078 1069 3109 ,
1114 3017 1379 3108 tradet3
1425 3016 1594 3094 hora
1632 3016 2064 3094 auditoribus
2108 3017 2472 3094 commoda
2508 3019 2885 3094 Barnabae
2917 3021 3302 3117 Epistolam
3335 3027 3408 3092 et
3445 3019 3578 3092 alia

533 3140 840 3216 Patr-um
903 3138 1236 3238 opuscula
1294 3162 1458 3214 cum
1509 3138 2120 3215 Commilitonibus
2163 3141 2368 3240 leget.
2470 3137 2785 3237 Denique
2826 3145 2909 3212 ut
2954 3137 3301 3237 religionis
3342 3137 3576 3212 Chris·

534 3260 772 3335 tianae
824 3258 1208 3335 accuratius
1265 3259 1778 3356 cognoscendae
1820 3260 2018 3358 copia
2065 3261 2190 3334 fiat
2235 3258 2561 3334 omnibus
2583 3316 2603 3345 ,
2665 3258 2789 3356 qui
2835 3257 3047 3332 huius
3093 3257 3193 3332 rei
3238 3256 3577 3332 desiderio

535 3385 905 3466 tenentur,
973 3377 1394 3454 Academiae
1441 3379 1740 3454 alumnis
1759 3387 1784 3469 ,'
1829 3379 1944 3454 die
1989 3378 2242 3454 Martis
2257 3436 2277 3468 ,
2327 3378 2495 3454 hora
2540 3375 2646 3451 IV
2663 3435 2685 3468 ,
2737 3403 2899 3453 cum
2942 3378 3281 3453 variarum
3332 3379 3574 3452 Facul-

535 3505 777 3574 tatum
833 3496 1178 3572 Studiosis
1233 3497 1663 3598 colloquetur
1717 3499 1896 3574 duce
1965 3499 2397 3597 compendio
2418 3557 2439 3588 ‚
2492 3524 2537 3574 a
2588 3523 2663 3572 se
2705 3497 2893 3573 edito
2910 3555 2929 3586 ‚
2977 3498 3092 3573 cui
3134 3497 3373 3574 titules
3430 3509 3573 3572 est:

547 3619 920 3716 Opleidirqq
968 3623 1069 3692 tot
1115 3619 1529 3718 aelfstandty
1574 3621 1791 3719 ineiyt
1831 3623 1908 3694 in
1955 3621 2073 3695 bet
2124 3619 2611 3694 Christendom.

637 3737 1076 3812 Lunovrcus
1127 3737 1578 3812 Gauianus
1632 3737 1941 3813 Primam
1995 3737 2245 3812 diebus
2293 3737 2479 3813 Iovis
2525 3744 2596 3814 et
2641 3737 2965 3827 Veneris,
3023 3739 3191 3814 hora
3234 3738 3377 3828 XI,
3430 3743 3579 3814 En-

435 3881 450 3904 ·
537 3857 1046 3957 cyclopaediam
1095 3857 1412 3956 Z’heoloyi
1447 3857 1858 3946 Christiani,
1903 3856 2286 3933 secundum
2343 3859 2806 3957 Compendium
2850 3885 2894 3934 a
2927 3861 3008 3936 P.
3046 3857 3443 3936 Horsrsnn
3484 3886 3581 3936 nr,

537 3981 814 4053 Gaoor
885 3982 956 4050 et
1026 3999 1101 4050 se
1163 3975 1432 4051 editum
1451 4033 1472 4065 ‚
1539 3983 1873 4076 exponet3
1949 3977 2198 4052 diebus
2253 3978 2507 4052 Mar-tis
2528 4037 2549 4068 ‚
2614 3977 2945 4054 Mercurii
2996 3985 3067 4052 et
3114 3977 3299 4054 Iovis
3322 4039 3342 4068 ,
3412 3983 3580 4056 hora

539 4097 704 4172 XII
727 4152 747 4184 ,
811 4094 1201 4172 secundum
1265 4097 1728 4194 Compendium
1781 4119 1988 4170 suum
2041 4096 2228 4195 typis
2273 4121 2671 4197 expressum
2693 4156 2713 4187 ‚
2770 4099 3192 4197 Theoloyiam
3249 4099 3580 4176 Christia-

539 4243 709 4290 nam
777 4217 1091 4290 moralem
1153 4224 1484 4313 exponet3
1552 4214 1800 4289 diebus
1857 4215 2101 4290 Lunae
2165 4224 2376 4315 atque
2442 4215 2733 4292 Veneris
2752 4275 2773 4306 ,
2816 4216 3013 4320 ¹hora
3082 4216 3232 4291 XII
3247 4276 3267 4305 ,
3330 4226 3401 4291 et
3468 4219 3581 4292 die

541 4334 808 4412 Martis
825 4392 848 4424 ,
915 4334 1084 4409 hora
1145 4335 1182 4409 Ι
1207 4392 1228 4423 ,
1301 4335 1448 4412 loca
1497 4335 1831 4410 nonnulla
1890 4335 2443 4411 Hemeneutices
2494 4361 2737 4411 sacrae
2753 4393 2772 4424 ,
2828 4336 3210 4410 secundum
3264 4341 3577 4434 Compen-

545 4459 736 4532 dium
801 4479 1010 4528 auum
1077 4454 1261 4554 typis
1319 4454 1586 4532 editum
1602 4513 1624 4548 ‚
1703 4455 2029 4531 tractabit
2087 4461 2160 4531 et
2223 4455 2564 4555 quaedam
2634 4457 2952 4530 Carmina
3014 4454 3363 4530 Hebraica
3414 4480 3610 4531 cum.

547 4572 1168 4651 Commilitonibus
1209 4574 1794 4675 interpretabitur.

655 4696 1128 4770 Gummmus
1193 4694 1608 4772 Muuamua
1665 4695 1780 4770 die
1831 4694 2074 4769 Lunae
2102 4753 2123 4784 ,
2185 4695 2352 4770 hora
2416 4695 2527 4770 XI
2548 4754 2568 4784 ,
2636 4694 2959 4771 tractabit
3026 4691 3351 4770 criticam
3401 4696 3583 4768 Novi
3648 4643 3661 4652 -

557 4815 980 4890 Testamenti
989 4847 1021 4898 ,·
1085 4813 1332 4890 diebus
1393 4815 1642 4892 Martis
1712 4822 1783 4891 et
1849 4813 2139 4890 Veneris
2162 4872 2183 4904 ‚
2253 4815 2419 4891 hora
2484 4815 2597 4890 IX
2612 4872 2634 4907 ‚
2707 4821 2779 4891 et
2822 4815 2935 4890 dic
2981 4813 3165 4894 Iovis
3181 4872 3200 4903 ,
3263 4813 3426 4889 hort
3475 4815 3543 4888 X
3558 4873 3587 4934 ,ο
