4766 6034
1056 660 1183 726 124
2003 667 2388 733 SERIES
2479 667 3138 738 LECTIONUM.

1054 868 1139 941 A.
1213 870 1602 958 Romnae,
1666 872 1986 948 JESAJAE
2047 877 2402 950 Vaticinia
2439 887 2510 952 et
2555 878 2870 952 Psalmo&
2913 879 3197 954 selectos
3241 878 3646 978 interpreta-

1152 987 1377 1078 bitur,
1428 989 1674 1066 diebus
1714 992 1957 1068 Lunae
2004 1002 2074 1069 et
2117 997 2369 1072 Martis
2389 1056 3638 1085 ..................
3719 1001 3888 1076 hora
3935 999 4044 1076 IX
4067 1060 4090 1090 ,

1438 1118 1507 1182 et
1554 1109 1667 1185 die
1714 1114 2084 1204 Mercurii,
2171 1174 3647 1196 .....................
3885 1123 4092 1196 VIII.

1248 1230 1561 1305 Priorem
1630 1233 1889 1333 Requm
1958 1236 2237 1309 Isibrum
2308 1235 2612 1310 cursoria
2677 1237 2967 1311 lectione
3027 1245 3316 1312 tractare
3371 1248 3651 1339 perget,

1342 1349 1454 1424 die
1500 1352 1791 1442 MartiS,
1877 1412 3643 1436 .........................
4011 1362 4048 1432 I
4073 1419 4094 1446 ‚

1432 1480 1505 1544 et
1553 1471 1667 1546 die
1714 1473 1948 1563 Jovis,
2021 1470 2070 1548 .'
2095 1534 3648 1552 ......................
3921 1479 4094 1552 XII.

1136 1625 1141 1630 ’
1235 1590 1711 1690 Antiquitates
1770 1595 2239 1670 Israelitarum
2306 1595 2718 1696 explicabit,
2772 1594 3022 1670 diebus
3065 1595 3351 1683 Lunae,
3402 1598 3653 1672 Martis
4093 1685 4096 1690 Ι

1336 1719 1407 1784 et
1454 1695 1785 1787 Mercurii
1804 1768 3648 1802 ..........................
3917 1715 4092 1789 XII.

1235 1833 1775 1907 Grammaticam
1848 1834 2277 1909 Sanskritam
2342 1834 2618 1908 docebit
2668 1842 2739 1909 et
2795 1833 3377 1909 Mahabharatam
3431 1835 3644 1934 expli·
4095 1847 4106 1856 ’

1332 1976 1485 2024 care
1529 1960 1813 2052 perget,
1864 1953 2113 2028 diebus
2166 1955 2412 2028 Lunae
2461 1963 2533 2027 et
2575 1954 2907 2028 Mercurii
2926 2011 3649 2042 ...........
3854 1955 4090 2029 1-11.

1038 2069 1103 2144 J.
1157 2071 1252 2146 H.
1300 2072 1721 2161 S‘rnrrKEN,
1770 2073 2101 2172 Logicam
2163 2075 2426 2162 tradet,
2485 2073 2734 2149 diebus
2778 2074 2970 2148 Jovis
3019 2081 3090 2148 et
3135 2073 3453 2160 Saturni,
3488 2133 3504 2147 .
3557 2135 3572 2148 .
3629 2135 3644 2151 .
3938 2075 4044 2148 IX
4073 2134 4094 2162 ‚

1432 2200 1502 2265 et
1550 2192 1663 2266 die
1710 2192 1999 2268 Veneris
2018 2249 3648 2283 .......................
3957 2193 4090 2268 ΧΙ.

1232 2312 1782 2412 Metaphysieam
1834 2313 2148 2402 docebit,
2200 2314 2452 2388 diebus
2500 2315 2752 2389 Martis
2799 2320 2872 2388 et
2920 2313 3251 2388 Mercurii
3272 2371 3647 2401 ......
3995 2315 4116 2388 X.·

1229 2433 1549 2507 Ethicam
1593 2432 2003 2533 eiplicabit,
2056 2435 2306 2508 diebus
2354 2434 2596 2508 Lunae
2647 2442 2718 2507 et
2765 2432 3000 2521 Jovis,
3099 2491 3116 2507 .
3194 2491 3648 2508 .......
3913 2434 4086 2508 XII.

1229 2552 1783 2651 Paedagogicam
1856 2561 2194 2652 exponet,
2273 2553 2526 2628 diebus
2597 2560 2668 2626 et
2735 2552 2922 2626 horis
2985 2551 3422 2626 auditoribus
3473 2577 3658 2627 eom-

1329 2672 1575 2746 modis,

1036 2793 1116 2865 C.
1145 2795 1234 2867 G.
1261 2791 1539 2880 Conn'r,
1575 2791 2051 2891 Antiquitates
2087 2793 2440 2868 Romanas
2477 2793 2746 2881 tradet,
2789 2791 3038 2867 diebus
3075 2791 3366 2880 Lunae,
3401 2795 3653 2868 Martis

1134 2917 1204 2982 et
1250 2909 1581 2984 Mercurii
1594 2967 3636 2999 ............................
3915 2912 4088 2987 XII.

1227 3031 1615 3106 Historiam
1685 3037 1985 3107 veterem
2051 3033 2508 3132 provectiores
2588 3032 2907 3120 docebit,
2973 3030 3222 3105 diebus
3278 3032 3522 3106 Lunae
3581 3040 3654 3107 et

1326 3153 1699 3242 Mercurii,
1777 3213 1792 3227 .
1872 3209 3644 3229 .........................
4025 3156 4089 3229 Ι.

1226 3273 1448 3347 Locos
1486 3273 1771 3347 selectos
1800 3298 1887 3346 ex
1919 3272 2385 3372 Scriptoribus
2415 3273 2698 3350 Graecis
2729 3281 2801 3347 et
2829 3271 3098 3347 Latinis
3125 3271 3640 3370 Antiquitatem

1322 3394 1716 3466 Romanam
1765 3392 2189 3467 illustrantes
2228 3394 2831 3492 interpretabitur,
2882 3392 2995 3465 die
3043 3391 3090 3463 J
3091 3391 3238 3464 ovis
3257 3449 3279 3479 ,
3331 3448 3348 3465 .
3404 3448 3423 3465 .
3479 3450 3500 3501 .
3555 3452 3570 3465 .
3627 3452 3642 3467 .
3911 3393 4084 3469 XII.

1234 3512 1515 3587 Scholas
1561 3511 2061 3611 paedagogicas
2100 3510 2389 3587 habebit
2410 3571 2431 3601 ‚
2482 3513 2728 3589 diebus
2770 3512 3020 3587 Martis
3073 3518 3142 3585 et
3188 3510 3382 3585 Jovis
3403 3569 3422 3599 ‚
3478 3570 3493 3585 .
3552 3569 3569 3585 .
3626 3569 3642 3585 .
3983 3514 4082 3588 II.

1229 3633 1593 3707 Elementa
1654 3631 1847 3705 Artis
1893 3632 2226 3706 Meti-icae
2275 3632 2590 3721 docebit,
2641 3632 2890 3707 diebus
2937 3632 2984 3704 J
2985 3632 3131 3706 ovis
3181 3639 3252 3706 et
3304 3632 3596 3707 Veneris
3619 3694 3638 3723 ‚
4019 3637 4079 3710 I.

1231 3750 1444 3825 Initia
1487 3750 2063 3850 Palaeographiae
2107 3753 2410 3825 Graecae
2457 3751 2864 3827 Candidatis
2910 3752 3301 3826 Literarum
3350 3752 3646 3852 expliea-

1332 3871 1476 3959 bit,
1527 3870 1774 3945 diebus
1822 3870 2112 3945 Veneris
2160 3878 2231 3945 et
2280 3872 2602 3960 Saturni,
2667 3932 2682 3947 .
2751 3930 3566 3949 ............
3565 3904 3570 3909 ·
3623 3933 3638 3947 .
3737 3874 4080 3949 IX—XI.

1232 3989 1657 4090 Disputandi
1705 3992 2027 4066 exercitia
2073 3991 2354 4090 publica
2398 3992 2872 4067 moderabitur
2892 4049 2913 4079 ‚
2963 3991 3074 4065 die
3117 3990 3313 4064 Jovis
3331 4048 3639 4077 .....
3945 3994 4082 4070 XI.

1041 4111 1126 4184 R.
1174 4111 1252 4186 P.
1295 4110 1382 4185 A.
1431 4109 1680 4199 Dozr,
1724 4110 1908 4186 Prof.
1951 4111 2311 4216 Extraord.
2338 4170 2358 4201 ,
2407 4110 2792 4185 Historiam
2836 4098 3290 4186 universalem
3338 4110 3632 4211 explica-

1139 4231 1245 4304 bit
1265 4290 1285 4319 ,
1334 4229 1583 4305 diebus
1624 4230 1867 4307 Lunae
1887 4290 1907 4319 ‚
1953 4232 2204 4306 Martis
2249 4240 2319 4306 et
2362 4232 2728 4319 Mercurii,
2799 4290 2816 4306 .
2893 4287 3637 4307 ...........
3793 4312 3802 4317 ,
3941 4232 4076 4308 XI.

1234 4352 1455 4427 Locos
1482 4350 1841 4426 historicos
1870 4352 2279 4428 difficiliores
2312 4360 2385 4426 et
2417 4352 2600 4426 varia
2632 4350 2984 4425 Historiae
3018 4348 3389 4428 Litai-ariae
3413 4351 3639 4449 capita

1336 4470 1701 4561 tractabit,
1752 4471 2000 4547 diebus
2049 4473 2096 4545 J
2098 4474 2242 4547 ovis
2286 4480 2357 4547 et
2400 4470 2691 4546 Veneris
2709 4528 2730 4559 ,
2806 4529 2821 4545 .
2891 4526 3633 4547 ...........
3901 4470 4073 4546 ΧΠ.

1241 4591 1283 4636 ¹⁸*
1301 4590 1341 4635 ⁴¹
1359 4591 1401 4636 ¹⁸*
1419 4591 1461 4636 ¹⁸*
1486 4592 1771 4667 Scholae
1846 4592 2237 4667 Literarum
2302 4592 2740 4691 Belgicarum
2809 4596 2880 4663 et
2948 4588 3298 4665 Historiae
3365 4590 3635 4665 Patriae

1336 4709 1831 4787 indicabuntur
1851 4772 1873 4802 ,
1982 4714 2402 4811 simulatque
2513 4708 2897 4785 Cathedrae
2989 4708 3256 4785 vacanti
3357 4732 3634 4807 prospe·

1334 4838 1525 4905 ctum
1572 4830 1722 4906 erit.
