4766 6034
1760 520 1765 527 -
2012 484 2051 535 S

1085 618 1171 685 20
2002 682 2013 691 ,
2129 615 2198 680 Τ.
2260 614 2339 682 G.
2401 614 2458 679 J.
2519 612 3088 681 JUYNBOLL

1092 823 1443 900 neminem
1506 820 1647 895 fere
1662 877 1683 909 ,
1749 820 2055 918 ipsarum
2112 843 2394 895 causam
2440 827 2718 894 strenue
2757 825 3079 918 agentem
3099 877 3120 907 ,
3183 817 3477 894 missum
3519 820 3740 895 facere
3788 831 4120 920 possunt;

1093 944 1258 1044 quia
1328 942 1627 1039 denique
1687 939 2009 1039 Virorum
2034 996 2055 1029 ,
2106 939 2517 1039 Theologiae
2564 939 2772 1014 laude
2817 938 3152 1013 clarorum
3177 996 3198 1027 ‚
3246 964 3387 1013 non
3435 964 3517 1015 ea
3562 939 3927 1015 videbatur
3975 962 4124 1017 esse

1091 1062 1381 1162 penuria
1401 1120 1419 1150 ‚
1488 1068 1569 1133 ut
1632 1083 1909 1133 necesse
1973 1065 2155 1133 esset
2216 1059 2319 1133 illi
2385 1058 2804 1158 Disciplinae
2847 1057 3185 1156 jacturam
3239 1058 3488 1133 inferre
3505 1118 3526 1147 ,
3578 1084 3756 1158 quae
3801 1059 4000 1147 facile
4053 1068 4124 1135 et
4217 1064 4224 1071 ’

1092 1181 1329 1257 statim
1392 1178 1690 1279 reparari
1745 1178 2008 1275 nequit.
2112 1178 2257 1252 Sed
2302 1204 2386 1253 eo
2427 1201 2658 1253 amore
2701 1177 2775 1251 in
2820 1176 3088 1252 Literas
3135 1178 3290 1253 00.
3339 1180 3540 1254 ardes
3589 1188 3662 1254 et
3703 1180 3953 1279 flagras
3972 1240 3993 1269 ,
4043 1189 4124 1255 ut

1090 1301 1324 1375 nullus
1374 1300 1686 1374 dubitem
1709 1357 1728 1387 ,
1792 1297 1964 1396 quin
2016 1304 2087 1369 et
2117 1298 2259 1379 ‚has
2311 1297 2560 1371 deinde
2581 1355 2600 1385 ,
2652 1303 2996 1395 quantum
3038 1298 3188 1371 fieri
3234 1300 3488 1396 possit,
3539 1324 3699 1375 cum
3753 1301 4124 1400 Theologia

1028 1409 1039 1419 ’
1083 1420 1451 1519 juncturus
1502 1420 1637 1506 sis3
1705 1443 1846 1516 quo
1895 1417 2074 1490 facto
2122 1417 2305 1492 bona
2357 1442 2670 1515 quaeque
2717 1417 2792 1490 in
2839 1416 3284 1516 Theologiam
3337 1419 3584 1493 exinde
3633 1426 3820 1494 certo
3870 1420 4122 1494 redun-

1088 1542 1377 1616 dabunt.
1458 1540 1669 1616 Adsit
1713 1538 1845 1612 tibi
1890 1539 2085 1611 Deus
2102 1597 2122 1627 ,
2170 1537 2448 1611 Amice!
2502 1544 2583 1610 ut
2626 1562 2806 1635 quae
2850 1536 2979 1610 tibi
3020 1538 3480 1636 proposuisti,
3533 1543 3756 1613 omnia
3795 1546 4082 1638 peragas
4102 1598 4120 1627 ‚

1083 1662 1154 1735 in
1207 1662 1573 1758 utriusque
1622 1656 2043 1755 Disciplinae
2092 1656 2680 1730 emolumentum!

1186 1781 1262 1853 Si
1331 1782 1603 1853 tertium
1663 1778 1947 1850 demum
2013 1783 2081 1850 te
2146 1776 2490 1873 alloquor,
2559 1775 2663 1849 Ol.
2719 1798 2816 1849 DE
2863 1774 3094 1849 ers
3117 1834 3138 1864 ‚
3199 1801 3288 1850 ne
3343 1776 3620 1864 credas,
3671 1777 4078 1851 Duumviris
4098 1836 4127 1866 ,Α

1084 1902 1176 1975 ad
1237 1924 1411 1999 quos
1467 1898 1675 1971 modo
1730 1896 1936 1969 verba
1989 1896 2155 1984 feci,
2210 1903 2282 1969 te
2318 1895 2662 1995 postponi.
2763 1897 2996 1969 Tuum
3043 1896 3228 1970 enim
3277 1896 3654 1969 adventum
3699 1896 3900 1971 nobis
3950 1896 4118 1971 item

1084 2022 1301 2095 fuisse
1362 2018 1831 2118 gratissimum
1854 2075 1874 2105 ,
1939 2015 2242 2089 videbas,
2346 2014 2562 2093 Quod
2610 2038 2822 2112 quam
2861 2014 3256 2114 jucundum
3305 2017 3433 2089 tibi
3469 2015 3723 2103 fuerit,
3773 2023 3962 2090 totus
4004 2042 4120 2115 eqo

1088 2140 1332 2223 sentio,
1455 2140 1885 2211 Academiam
1948 2128 2199 2232 nempe
2266 2134 2608 2232 reliquisti
2679 2138 3176 2234 Groninyanam
3194 2192 3214 2223 ,
3287 2159 3467 2233 quae
3537 2143 3619 2208 ut
3681 2134 3812 2208 tibi
3877 2135 4123 2209 dilecta

1087 2267 1236 2348 est,
1312 2259 1409 2331 ita
1474 2256 1648 2329 mihi
1719 2254 2068 2329 carissima
2133 2253 2423 2341 mansit,
2494 2254 2667 2328 adeo
2732 2261 2814 2327 ut
2884 2254 3113 2327 suavis
3185 2253 3405 2352 ipsius
3459 2254 3838 2329 recordatio
3893 2256 4122 2330 animo

1086 2386 1321 2454 nostro
1374 2399 1761 2473 numquam
1808 2374 2117 2449 excidere
2162 2374 2400 2473 possit.
2501 2374 2703 2448 Haec
2739 2381 2975 2448 tamen
3023 2375 3170 2448 loca
3187 2431 3208 2460 ‚
3257 2397 3396 2447 non
3437 2398 3580 2448 uno
3623 2375 3901 2450 nomine
3952 2375 4124 2449 mihi

1082 2506 1348 2587 amata,
1398 2505 1469 2571 te
1515 2496 1725 2570 etiam
1772 2495 2084 2569 alliciunt
2124 2503 2195 2569 et
2238 2492 2618 2567 attrahunt.
2643 2526 2652 2531 ·
2682 2496 2772 2567 In
2806 2492 3069 2568 Urbem
3106 2516 3419 2568 reversus
3451 2518 3526 2566 es
3545 2551 3564 2581 ,
3599 2494 3800 2593 cujus
3835 2496 4120 2591 Gymna-

1082 2622 1253 2693 sium
1322 2625 1485 2693 ante
1545 2614 1839 2690 ornabas
1854 2648 1873 2702 3
1951 2613 2044 2688 ad
2112 2616 2357 2687 almam
2427 2612 2694 2687 rediisti
2761 2616 3066 2688 Matrem
3082 2671 3101 2701 ,
3173 2636 3351 2710 quae
3421 2619 3492 2685 te
3561 2612 3733 2686 item
3799 2613 4120 2701 nutrivit,

1077 2746 1291 2836 teque
1357 2737 1505 2835 jam
1577 2739 1773 2807 vocat
1842 2734 1933 2807 ad
1996 2732 2447 2830 Disciplinam
2527 2730 2659 2804 tibi
2722 2732 3239 2807 dilectissimam
3316 2732 3793 2829 profitendam.
3923 2735 4126 2808 Aliae

1075 2860 1309 2954 partes
1327 2911 1348 2940 ‚
1425 2874 1603 2949 quae
1669 2873 1857 2922 nunc
1876 2907 1896 2937 ,
1970 2856 2051 2922 ut
2124 2856 2285 2923 ante
2309 2908 2327 2937 ‚
2403 2849 2687 2948 insuper
2751 2849 2882 2923 tibi
2946 2850 3368 2925 mandantur
3385 2909 3405 2940 ‚
3473 2851 3776 2927 laborem
3823 2852 4126 2952 profecto

1076 2972 1369 3050 mirifice
1432 2976 1729 3071 augent,
1800 2968 1924 3043 sed
1979 2994 2065 3043 ex
2112 2976 2183 3043 te
2230 2992 2369 3043 non
2413 2969 2647 3068 plura,
2706 2994 2834 3044 nec
2888 2971 3200 3070 graviora
3218 3030 3239 3060 ‚
3301 2995 3513 3071 quam
3580 2997 3666 3046 ex
3714 2971 3953 3048 multis
4001 2997 4122 3046 no-

1084 3095 1309 3168 strfim
1363 3091 1547 3190 exigi
1564 3151 1585 3179 ,
1633 3089 1843 3165 multi
1886 3090 2167 3197 quidem
2208 3090 2526 3188 ignorare
2563 3091 2921 3180 videntur,
2969 3100 3044 3166 tu
3080 3116 3239 3166 vero
3265 3093 3478 3190 probe
3505 3091 3853 3192 intelligis.
3915 3093 4121 3192 Spem

1080 3239 1247 3314 ergo
1290 3237 1379 3287 ne
1431 3212 1791 3285 mittamus
1809 3269 1828 3299 ,
1870 3217 1953 3284 ut
1986 3212 2296 3308 pluribus
2338 3210 2713 3308 aliquando
2749 3213 3056 3311 sinqulae
3097 3220 3220 3285 aut
3265 3214 3622 3287 nonnullae
3661 3219 3892 3311 partes
3935 3235 4117 3286 com-

1076 3335 1445 3408 mittantur
1464 3391 1483 3420 ,
1554 3355 1731 3428 quae
1790 3334 2183 3427 conjunctae
2236 3355 2436 3404 unum
2495 3338 2619 3404 aut
2659 3335 3028 3429 pauciores
3081 3340 3409 3428 premunt
3427 3389 3447 3420 ,
3506 3356 3645 3430 quo
3692 3332 3867 3405 nihil
3917 3332 4118 3431 pejus

1078 3450 1483 3548 Disciplinis
1558 3448 1735 3522 bene
1814 3448 2117 3522 colendis
2176 3447 2549 3546 excogitari
2617 3456 2866 3546 potest.
2971 3449 3168 3526 Quid
3234 3474 3397 3550 ergo
3465 3450 3597 3525 tibi
3665 3450 3811 3550 jam
3878 3451 4120 3526 laetius

1082 3577 1404 3670 expetam
1422 3627 1443 3656 ‚
1492 3591 1706 3666 quam
1758 3574 1840 3640 ut
1884 3567 2053 3662 haec
2106 3572 2263 3666 vota
2306 3591 2520 3665 quam
2569 3567 2875 3664 primum
2919 3575 3068 3643 rata
3109 3570 3282 3643 fiant
3301 3629 3320 3658 ‚
3370 3578 3588 3669 utque
3628 3570 4080 3670 Disciplinam
4099 3628 4117 3658 ‚

1084 3711 1299 3788 quam
1362 3686 1649 3786 pulchre
1706 3693 1777 3760 et
1823 3685 2123 3759 facunde
2176 3687 2678 3760 commendasti
2720 3711 2974 3786 nuper,
3024 3689 3254 3785 plures
3289 3689 3362 3763 in
3405 3691 3554 3765 dies
3594 3691 3823 3765 colant
3867 3699 3938 3764 et
3973 3689 4117 3764 vin-

1076 3809 1334 3884 dicent.
1439 3806 1553 3879 Sic
1615 3806 1980 3880 Nostrates
2042 3804 2113 3878 et
2176 3805 2329 3880 aliis
2390 3807 2736 3882 Gentibus
2800 3808 3286 3883 celebrioribus
3307 3868 3326 3897 ‚
3389 3809 3460 3884 et
3512 3810 3876 3884 Germanis
3925 3835 4117 3908 prae-

1083 3927 1321 4002 sertim
1345 3983 1365 4014 ,
1416 3925 1888 4013 aemulentur;
1942 3924 2039 4000 sic
2084 3925 2321 4001 futura
2371 3927 2795 4025 Disciplinae
2851 3929 3189 4016 conditio,
3241 3953 3454 4027 quam
3507 3930 3720 4003 veluti
3765 3929 3838 4004 in
3888 3931 4130 4004 tabula‘

1090 4048 1440 4146 eleganter
1472 4044 1845 4143 depinxisti
1870 4045 1939 4093 ³⁰
1956 4103 1977 4132 ‚
2010 4052 2081 4118 te
2111 4046 2417 4120 Auctore
2447 4054 2518 4120 et
2550 4048 3295 4145 praestantissimorum
3329 4048 3848 4148 Discipulorum
3879 4050 4080 4147 opera
4095 4104 4115 4135 ,

1088 4164 1460 4264 aliquando
1504 4163 1579 4236 in
1626 4189 1768 4238 rem
1813 4170 2248 4238 convertatur
2292 4166 2365 4236 in
2392 4167 2598 4260 facto
2643 4164 2960 4262 positam.

1188 4286 1306 4361 Ad
1374 4292 1445 4358 te
1513 4283 1723 4358 etiam
1782 4309 1896 4358 me
1956 4290 2314 4372 convert0‚
2378 4283 2484 4358 cl.
2541 4284 2784 4358 Dozr!
2876 4288 3078 4362 Quae
3142 4295 3264 4359 tua
3323 4283 3397 4359 in
3448 4285 3718 4361 Literas
3773 4287 3928 4361 00.
3981 4287 4120 4360 sint

1096 4405 1343 4478 merita
1357 4462 1377 4492 ,
1444 4428 1685 4477 omnes
1750 4403 1997 4478 harum
2052 4427 2284 4477 rerum
2348 4403 2556 4502 periti
2616 4410 2894 4480 norunt.
2993 4407 3081 4479 In
3137 4405 3378 4479 multis
3433 4405 3644 4504 hujus
3695 4406 4118 4504 Disciplinae

1098 4521 1413 4623 partibus
1432 4580 1451 4610 ,
1520 4546 1692 4619 quas
1752 4522 1898 4621 jam
1963 4531 2125 4598 ante
2194 4525 2490 4621 Scriptis
2547 4523 2754 4598 editis
2775 4581 2795 4612 ,
2865 4549 2946 4598 ac
3005 4524 3192 4599 hisce
3250 4525 3449 4599 annis
3507 4515 3792 4625 insuper
3855 4526 4119 4600 Scholia

1097 4641 1353 4716 habitis
1370 4699 1389 4729 ,
1458 4640 1856 4730 illustrasti,
1921 4668 2033 4718 res
2092 4643 2519 4742 Hispanicae
2577 4644 2879 4742 primum
2952 4644 3180 4719 locum
3235 4651 3493 4753 tenent.
3611 4645 3702 4720 Id
3748 4645 3936 4744 ipsos
3981 4643 4114 4718 Hi-

1100 4784 1349 4861 spanos
1405 4759 1785 4862 perspicere
1834 4767 1907 4835 et
1947 4763 2184 4862 magni
2225 4762 2448 4838 facere
2497 4787 2575 4838 ac
2623 4771 2820 4862 grato
2871 4763 3102 4840 animo
3147 4789 3515 4865 agnoscere
3534 4825 3555 4858 ,
3606 4765 3778 4865 quid
3819 4764 4069 4840 mirum
4095 4764 4136 4837 ἱ·
