4766 6034
1196 1565 1656 1628 AcAnEMIAE
1712 1563 2495 1634 LUGDUNO-BATAVAE
2551 1565 3015 1630 CURATORES
3030 1613 3047 1642 ,
3098 1567 3267 1630 VIRI
3304 1567 3742 1631 ILLUSTRIS-

1273 1668 1483 1730 snm

1193 1814 1340 1878 QUI
1377 1815 1515 1876 ms
1555 1815 1658 1876 AB
1699 1815 1926 1878 Acus
1967 1817 2059 1878 ΕΒ
2073 1861 2090 1890 ,
2131 1817 2272 1878 VIR
2313 1814 2934 1882 CONSULTISSIME
2962 1821 2976 1876 Ι

1197 1961 1663 2025 ΑΟΑΒΕΜΙΑΕ
1703 1963 2019 2026 REOTOR
2058 1963 2543 2026 MAGNIFICE!

1193 2109 1507 2172 ARTIUM
1544 2110 1652 2172 ΕΤ
1688 2109 2314 2175 DISCIPLINABUM
2349 2110 2889 2174 PROFESSORES
2905 2159 2921 2186 ,
2963 2113 3137 2175 VIBI
3176 2112 3626 2176 CLARISSIMI
3651 2117 3665 2173 Ι

1187 2257 1340 2320 QUI
1393 2257 1572 2320 IURI
1619 2257 1982 2322 DICUNDO
2034 2259 2138 2320 ΕΤ
2194 2257 2551 2322 CIVITATI
2602 2259 3033 2322 REGENDAE
3082 2259 3532 2336 PRAEESTIS,
3576 2263 3750 2323 VIRI

1271 2361 1852 2423 INTEGERRIMII

1194 2505 1658 2570 DIVINOBUM
1713 2507 2264 2572 ORACULORUM
2317 2507 2409 2570 IN
2411 2508 2888 2585 TERPRETES,
2943 2511 3115 2572 VIBI
3151 2509 3577 2574 PLURIMUM
3620 2515 3749 2572 VE-

1275 2609 1682 2672 NEBANDIl

1194 2757 1510 2818 ARTIUM
1561 2758 1668 2820 ΕΤ
1719 2757 2344 2822 DISCIPLINABUM
2398 2755 2811 2822 DOOTORES
2834 2803 2849 2832 ,
2893 2759 3065 2820 VIBI
3102 2757 3709 2827 CONSULTISSIMI
3735 2804 3752 2834 ,

1279 2859 1784 2924 DOCTISSIMII

1192 3005 1440 3069 HUIUS
1477 3005 1952 3071 AGADEMIAE
1989 3002 2308 3067 ALUMNI
2324 3049 2341 3077 ,
2386 3001 2993 3067 couml'rorms
3034 3004 3533 3070 OPTATISSIMI
3561 3009 3576 3065 1

1194 3152 1756 3217 cumschQUE
1836 3151 2027 3215 LOCI
2095 3152 2202 3212 ΕΤ
2276 3150 2601 3212 ORDINIS
2679 3152 2818 3213 1110
2886 3150 3240 3226 ADESTIS,
3302 3150 3753 3214 AUDITOBES

1278 3256 1870 3319 HUMANISSIMII
2167 3286 2170 3289 ⁴

816 3683 1364 3795 considerantes
1429 3715 1845 3816 Theologiae
1903 3714 2252 3792 ambitum
2305 3717 2541 3793 mirari
2584 3741 2713 3793 nos
2768 3718 3001 3806 subit,
3061 3715 3277 3792 fuisse
3340 3724 3544 3793 antea
3563 3775 3584 3805 ,
3634 3696 3757 3815 qui

718 3835 794 3907 in
855 3834 1146 3933 singulis
1217 3836 1370 3911 eius
1429 3836 1750 3937 partibus
1813 3835 2206 3915 habitantes
2223 3896 2246 3928 ,
2313 3838 2467 3914 aliis
2531 3862 2809 3938 quoque
2875 3838 3256 3937 disciplinis
3315 3836 3757 3913 laudabiliter

719 3976 997 4051 operam
1063 3954 1404 4039 dederint.
1526 3956 1742 4035 Quod
1813 3981 2038 4055 quum
2105 3958 2196 4033 de
2255 3958 2411 4033 aliis
2457 3957 2827 4039 memoriae
2874 3957 3207 4034 traditum
3269 3967 3377 4033 est
3394 4016 3415 4047 ,
3482 3965 3639 4033 tum
3683 3957 3755 4031 in

723 4070 1130 4171 Hugonis
1177 4074 1507 4164 Grotii,
1559 4077 1684 4175 qui
1739 4077 2054 4153 omnium
2103 4078 2321 4153 instar
2367 4078 2497 4167 sit,
2548 4078 2865 4177 exemplo
2912 4076 3297 4153 luculenter
3351 4083 3587 4176 patet,
3638 4077 3764 4175 qui

723 4190 1300 4292 iurisprudentiae
1378 4196 1586 4271 laude
1651 4196 1876 4273 clarus
1943 4204 2018 4273 et
2074 4197 2519 4274 classicorum
2564 4204 2928 4274 auctorum
2972 4197 3313 4297 interpres
3364 4196 3554 4272 haud
3596 4218 3783 4280 oon-2

724 4313 1142 4388 temnendus
1161 4373 1182 4403 ,
1231 4315 1574 4416 theologis
1622 4317 1698 4391 in
1742 4318 1990 4393 Sacrae
2031 4318 2426 4419 Scripturae
2460 4317 3023 4417 interpretatione
3064 4340 3313 4391 novam
3353 4314 3759 4390 monstravit

725 4432 942 4521 viam,
989 4434 1066 4507 in
1103 4458 1244 4531 qua
1277 4434 1430 4534 ipse
1471 4436 1814 4537 praeclare
1855 4437 2178 4537 praeivit,
2227 4437 2544 4537 quamvis
2582 4462 2707 4574 per
2750 4443 2977 4513 totum
3014 4437 3193 4511 vitae
3238 4459 3521 4513 cursum
3556 4434 3759 4512 variis

723 4550 1189 4653 gravibusque
1237 4555 1536 4653 negotiis
1587 4556 1954 4633 distentus.
2055 4560 2291 4638 Quare
2343 4581 2485 4632 non
2535 4557 2869 4633 miramur
2920 4556 3200 4647 adesse,
3250 4556 3377 4657 qui
3425 4556 3757 4659 temporis

719 4670 862 4746 acti
921 4698 998 4747 se
1037 4672 1272 4771 pueris
1318 4681 1390 4749 et
1437 4684 1640 4767 antea
1688 4676 2116 4767 laudatores,
2181 4685 2574 4758 nostrorum
2620 4676 2983 4751 hominum
3036 4683 3413 4776 querantur
3450 4676 3755 4753 imbecil-

725 4790 1032 4867 litatem.
1105 4818 1150 4869 a
1206 4800 1494 4894 paterna
1557 4798 1814 4873 virtute
1869 4798 2283 4898 degeneres,
2357 4822 2551 4874 nunc
2598 4797 2715 4873 vix
2766 4796 2977 4873 unius
3024 4796 3451 4897 theologiae,
3498 4797 3761 4873 nedum

3286 4916 3383 4990 6*
