<?xml version="1.0" encoding="UTF-8"?>
<!DOCTYPE html PUBLIC "-//W3C//DTD XHTML 1.0 Transitional//EN"
    "http://www.w3.org/TR/xhtml1/DTD/xhtml1-transitional.dtd">
<html xmlns="http://www.w3.org/1999/xhtml" xml:lang="en" lang="en">
 <head>
  <title>
</title>
<meta http-equiv="Content-Type" content="text/html;charset=utf-8" />
  <meta name='ocr-system' content='tesseract 3.04.00' />
  <meta name='ocr-capabilities' content='ocr_page ocr_carea ocr_par ocr_line ocrx_word'/>
</head>
<body>
  <div class='ocr_page' id='page_1' title='image "annalesacademic02confgoog_0185.png"; bbox 0 0 4766 6034; ppageno 0'>
   <div class='ocr_carea' id='block_1_1' title="bbox 1550 617 3638 694">
    <p class='ocr_par' dir='ltr' id='par_1_1' title="bbox 1550 617 3638 694">
     <span class='ocr_line' id='line_1_1' title="bbox 1550 617 3638 694; baseline -0.004 -3"><span class='ocrx_word' id='word_1_1' title='bbox 1550 626 1935 694; x_wconf 82' lang='lat' dir='ltr'>SERIES</span> <span class='ocrx_word' id='word_1_2' title='bbox 2027 620 2680 689; x_wconf 75' lang='lat' dir='ltr'><strong>LECTIONUM.</strong></span> <span class='ocrx_word' id='word_1_3' title='bbox 3299 648 3312 661; x_wconf 82' lang='lat'><strong>·</strong></span> <span class='ocrx_word' id='word_1_4' title='bbox 3512 617 3638 684; x_wconf 88' lang='grc'>169</span> 
     </span>
    </p>
   </div>
   <div class='ocr_carea' id='block_1_2' title="bbox 1405 836 2832 933">
    <p class='ocr_par' dir='ltr' id='par_1_2' title="bbox 1405 836 2832 933">
     <span class='ocr_line' id='line_1_2' title="bbox 1405 836 2832 933; baseline -0.002 -3"><span class='ocrx_word' id='word_1_5' title='bbox 1405 858 1517 931; x_wconf 85' lang='grc' dir='ltr'>ΙΝ</span> <span class='ocrx_word' id='word_1_6' title='bbox 1564 836 2129 933; x_wconf 75' lang='lat' dir='ltr'>FAcUL&#39;rA‘TE</span> <span class='ocrx_word' id='word_1_7' title='bbox 2178 852 2832 931; x_wconf 80' lang='lat' dir='ltr'><strong>THEOLOGICA.</strong></span> 
     </span>
    </p>
   </div>
   <div class='ocr_carea' id='block_1_3' title="bbox 585 1066 3635 1895">
    <p class='ocr_par' dir='ltr' id='par_1_3' title="bbox 588 1066 3635 1284">
     <span class='ocr_line' id='line_1_3' title="bbox 688 1066 3635 1176; baseline -0.003 -23"><span class='ocrx_word' id='word_1_8' title='bbox 688 1076 1303 1176; x_wconf 67' lang='lat' dir='ltr'>Enqyelopaediam</span> <span class='ocrx_word' id='word_1_9' title='bbox 1341 1073 1771 1173; x_wconf 68' lang='lat' dir='ltr'>theoloyicam</span> <span class='ocrx_word' id='word_1_10' title='bbox 1820 1073 2224 1150; x_wconf 87' lang='lat' dir='ltr'>brevissimo</span> <span class='ocrx_word' id='word_1_11' title='bbox 2271 1078 2646 1171; x_wconf 88' lang='lat' dir='ltr'>conspeetu</span> <span class='ocrx_word' id='word_1_12' title='bbox 2691 1067 2920 1143; x_wconf 79' lang='lat' dir='ltr'>tradet</span> <span class='ocrx_word' id='word_1_13' title='bbox 2957 1066 3056 1143; x_wconf 92' lang='lat' dir='ltr'>H.</span> <span class='ocrx_word' id='word_1_14' title='bbox 3093 1067 3417 1145; x_wconf 68' lang='lat' dir='ltr'>Bonum</span> <span class='ocrx_word' id='word_1_15' title='bbox 3433 1127 3452 1157; x_wconf 88' lang='lat'>,</span> <span class='ocrx_word' id='word_1_16' title='bbox 3489 1068 3635 1144; x_wconf 86' lang='lat' dir='ltr'>die-</span> 
     </span>
     <span class='ocr_line' id='line_1_4' title="bbox 588 1193 1438 1284; baseline -0.002 -13"><span class='ocrx_word' id='word_1_17' title='bbox 588 1198 729 1273; x_wconf 85' lang='lat' dir='ltr'>bus</span> <span class='ocrx_word' id='word_1_18' title='bbox 777 1194 1081 1284; x_wconf 85' lang='lat' dir='ltr'>veneris,</span> <span class='ocrx_word' id='word_1_19' title='bbox 1129 1193 1291 1269; x_wconf 66' lang='lat' dir='ltr'>hora</span> <span class='ocrx_word' id='word_1_20' title='bbox 1343 1193 1438 1269; x_wconf 89' lang='lat' dir='ltr'>X.</span> 
     </span>
    </p>

    <p class='ocr_par' dir='ltr' id='par_1_4' title="bbox 585 1308 3629 1536">
     <span class='ocr_line' id='line_1_5' title="bbox 684 1308 3629 1415; baseline -0.003 -24"><span class='ocrx_word' id='word_1_21' title='bbox 684 1318 776 1391; x_wconf 91' lang='lat' dir='ltr'>In</span> <span class='ocrx_word' id='word_1_22' title='bbox 820 1314 1331 1415; x_wconf 84' lang='lat' dir='ltr'>Philosophiam</span> <span class='ocrx_word' id='word_1_23' title='bbox 1370 1318 1456 1390; x_wconf 88' lang='lat' dir='ltr'>de</span> <span class='ocrx_word' id='word_1_24' title='bbox 1498 1316 1651 1390; x_wconf 87' lang='lat' dir='ltr'>Deo</span> <span class='ocrx_word' id='word_1_25' title='bbox 1673 1373 1694 1403; x_wconf 90' lang='lat'><em>,</em></span> <span class='ocrx_word' id='word_1_26' title='bbox 1758 1316 1898 1391; x_wconf 86' lang='lat' dir='ltr'>sive</span> <span class='ocrx_word' id='word_1_27' title='bbox 1960 1316 2383 1415; x_wconf 66' lang='lat' dir='ltr'>Theoloqiam</span> <span class='ocrx_word' id='word_1_28' title='bbox 2431 1312 2836 1385; x_wconf 84' lang='lat' dir='ltr'>Naturalem</span> <span class='ocrx_word' id='word_1_29' title='bbox 2853 1367 2873 1398; x_wconf 91' lang='lat'>‚</span> <span class='ocrx_word' id='word_1_30' title='bbox 2940 1334 3100 1385; x_wconf 90' lang='lat' dir='ltr'>cum</span> <span class='ocrx_word' id='word_1_31' title='bbox 3147 1308 3629 1385; x_wconf 84' lang='lat' dir='ltr'>commilitoni-</span> 
     </span>
     <span class='ocr_line' id='line_1_6' title="bbox 585 1428 3021 1536; baseline -0.004 -23"><span class='ocrx_word' id='word_1_32' title='bbox 585 1438 725 1513; x_wconf 85' lang='lat' dir='ltr'>bus</span> <span class='ocrx_word' id='word_1_33' title='bbox 772 1436 1077 1536; x_wconf 89' lang='lat' dir='ltr'>inquiret</span> <span class='ocrx_word' id='word_1_34' title='bbox 1124 1434 1221 1510; x_wconf 91' lang='lat' dir='ltr'>H.</span> <span class='ocrx_word' id='word_1_35' title='bbox 1273 1435 1629 1524; x_wconf 66' lang='lat' dir='ltr'>Bonum,</span> <span class='ocrx_word' id='word_1_36' title='bbox 1683 1435 1931 1511; x_wconf 85' lang='lat' dir='ltr'>diebus</span> <span class='ocrx_word' id='word_1_37' title='bbox 1979 1435 2150 1511; x_wconf 89' lang='lat' dir='ltr'>iovis</span> <span class='ocrx_word' id='word_1_38' title='bbox 2199 1442 2271 1509; x_wconf 92' lang='lat' dir='ltr'>et</span> <span class='ocrx_word' id='word_1_39' title='bbox 2317 1431 2621 1520; x_wconf 79' lang='lat' dir='ltr'>veneris,</span> <span class='ocrx_word' id='word_1_40' title='bbox 2670 1428 2841 1505; x_wconf 67' lang='lat' dir='ltr'>hora</span> <span class='ocrx_word' id='word_1_41' title='bbox 2887 1429 3021 1505; x_wconf 90' lang='lat' dir='ltr'><strong>IX.</strong></span> 
     </span>
    </p>

    <p class='ocr_par' dir='ltr' id='par_1_5' title="bbox 586 1548 3629 1764">
     <span class='ocr_line' id='line_1_7' title="bbox 691 1548 3629 1655; baseline -0.002 -27"><span class='ocrx_word' id='word_1_42' title='bbox 691 1556 987 1631; x_wconf 65' lang='lat' dir='ltr'>critices</span> <span class='ocrx_word' id='word_1_43' title='bbox 1044 1580 1125 1630; x_wconf 89' lang='lat' dir='ltr'>ac</span> <span class='ocrx_word' id='word_1_44' title='bbox 1194 1552 1467 1630; x_wconf 88' lang='lat' dir='ltr'>Criseos</span> <span class='ocrx_word' id='word_1_45' title='bbox 1520 1580 1762 1630; x_wconf 79' lang='lat' dir='ltr'>sacrae</span> <span class='ocrx_word' id='word_1_46' title='bbox 1801 1555 1989 1655; x_wconf 82' lang='lat' dir='ltr'>leges</span> <span class='ocrx_word' id='word_1_47' title='bbox 2034 1563 2107 1631; x_wconf 92' lang='lat' dir='ltr'>et</span> <span class='ocrx_word' id='word_1_48' title='bbox 2152 1552 2468 1653; x_wconf 81' lang='lat' dir='ltr'>exempla</span> <span class='ocrx_word' id='word_1_49' title='bbox 2513 1550 2778 1625; x_wconf 80' lang='lat' dir='ltr'>tradere</span> <span class='ocrx_word' id='word_1_50' title='bbox 2822 1557 3066 1649; x_wconf 83' lang='lat' dir='ltr'>perget</span> <span class='ocrx_word' id='word_1_51' title='bbox 3114 1548 3214 1625; x_wconf 92' lang='lat' dir='ltr'>H.</span> <span class='ocrx_word' id='word_1_52' title='bbox 3264 1551 3588 1625; x_wconf 65' lang='lat' dir='ltr'>Bonum</span> <span class='ocrx_word' id='word_1_53' title='bbox 3609 1608 3629 1638; x_wconf 91' lang='lat'>‚</span> 
     </span>
     <span class='ocr_line' id='line_1_8' title="bbox 586 1673 1525 1764; baseline -0.003 -12"><span class='ocrx_word' id='word_1_54' title='bbox 586 1676 841 1752; x_wconf 85' lang='lat' dir='ltr'>diebus</span> <span class='ocrx_word' id='word_1_55' title='bbox 888 1676 1128 1764; x_wconf 88' lang='lat' dir='ltr'>lunae,</span> <span class='ocrx_word' id='word_1_56' title='bbox 1177 1673 1345 1749; x_wconf 67' lang='lat' dir='ltr'>hora</span> <span class='ocrx_word' id='word_1_57' title='bbox 1390 1673 1525 1749; x_wconf 86' lang='lat' dir='ltr'><strong>IX.</strong></span> 
     </span>
    </p>

    <p class='ocr_par' dir='ltr' id='par_1_6' title="bbox 682 1787 3632 1895">
     <span class='ocr_line' id='line_1_9' title="bbox 682 1787 3632 1895; baseline -0.002 -23"><span class='ocrx_word' id='word_1_58' title='bbox 682 1796 1251 1872; x_wconf 83' lang='lat' dir='ltr'>Hermeneutieae</span> <span class='ocrx_word' id='word_1_59' title='bbox 1290 1818 1534 1869; x_wconf 75' lang='lat' dir='ltr'>sacrae</span> <span class='ocrx_word' id='word_1_60' title='bbox 1572 1796 1870 1895; x_wconf 89' lang='lat' dir='ltr'>priorem</span> <span class='ocrx_word' id='word_1_61' title='bbox 1918 1801 2185 1894; x_wconf 89' lang='lat' dir='ltr'>partem</span> <span class='ocrx_word' id='word_1_62' title='bbox 2230 1792 2457 1867; x_wconf 83' lang='lat' dir='ltr'>tradet</span> <span class='ocrx_word' id='word_1_63' title='bbox 2503 1791 2602 1866; x_wconf 93' lang='lat' dir='ltr'>H.</span> <span class='ocrx_word' id='word_1_64' title='bbox 2647 1792 2970 1867; x_wconf 68' lang='lat' dir='ltr'>Bonum</span> <span class='ocrx_word' id='word_1_65' title='bbox 2991 1848 3012 1879; x_wconf 89' lang='lat'>,</span> <span class='ocrx_word' id='word_1_66' title='bbox 3062 1787 3310 1865; x_wconf 88' lang='lat' dir='ltr'>diebus</span> <span class='ocrx_word' id='word_1_67' title='bbox 3356 1788 3596 1865; x_wconf 86' lang='lat' dir='ltr'>martis</span> <span class='ocrx_word' id='word_1_68' title='bbox 3612 1847 3632 1877; x_wconf 91' lang='lat'>‚</span> 
     </span>
    </p>
   </div>
   <div class='ocr_carea' id='block_1_4' title="bbox 584 1915 3631 2133">
    <p class='ocr_par' dir='ltr' id='par_1_7' title="bbox 584 1915 3631 2133">
     <span class='ocr_line' id='line_1_10' title="bbox 715 1917 935 1992; baseline 0.009 -2"><span class='ocrx_word' id='word_1_69' title='bbox 715 1917 743 1942; x_wconf 74' lang='lat'>‘⁸</span> <span class='ocrx_word' id='word_1_70' title='bbox 801 1918 839 1990; x_wconf 98' lang='lat' dir='ltr'>I</span> <span class='ocrx_word' id='word_1_71' title='bbox 918 1976 935 1992; x_wconf 92' lang='lat'><strong>.</strong></span> 
     </span>
     <span class='ocr_line' id='line_1_11' title="bbox 584 1915 3631 2133; baseline -0.001 -25"><span class='ocrx_word' id='word_1_72' title='bbox 584 1915 1028 2111; x_wconf 53' lang='grc' dir='ltr'>Βοῖῗενωξὲαε</span> <span class='ocrx_word' id='word_1_73' title='bbox 1099 2034 1175 2105; x_wconf 93' lang='lat' dir='ltr'><em>V</em></span> <span class='ocrx_word' id='word_1_74' title='bbox 1162 2035 1449 2107; x_wconf 85' lang='lat' dir='ltr'>atieinia</span> <span class='ocrx_word' id='word_1_75' title='bbox 1507 2032 1757 2108; x_wconf 86' lang='lat' dir='ltr'>selecta</span> <span class='ocrx_word' id='word_1_76' title='bbox 1814 2042 2027 2133; x_wconf 87' lang='lat' dir='ltr'>atque</span> <span class='ocrx_word' id='word_1_77' title='bbox 2084 2032 2220 2109; x_wconf 84' lang='lat' dir='ltr'>alia</span> <span class='ocrx_word' id='word_1_78' title='bbox 2280 2034 2750 2109; x_wconf 82' lang='lat' dir='ltr'>Hebraeorum</span> <span class='ocrx_word' id='word_1_79' title='bbox 2818 2034 3140 2107; x_wconf 77' lang='lat' dir='ltr'>Carmina</span> <span class='ocrx_word' id='word_1_80' title='bbox 3188 2055 3378 2106; x_wconf 89' lang='lat' dir='ltr'>sacra</span> <span class='ocrx_word' id='word_1_81' title='bbox 3420 2032 3631 2105; x_wconf 86' lang='lat' dir='ltr'>inter-</span> 
     </span>
    </p>
   </div>
   <div class='ocr_carea' id='block_1_5' title="bbox 562 2152 3634 4765">
    <p class='ocr_par' dir='ltr' id='par_1_8' title="bbox 586 2152 2612 2256">
     <span class='ocr_line' id='line_1_12' title="bbox 586 2152 2612 2256; baseline -0.001 -25"><span class='ocrx_word' id='word_1_82' title='bbox 586 2154 845 2256; x_wconf 87' lang='lat' dir='ltr'>pretari</span> <span class='ocrx_word' id='word_1_83' title='bbox 890 2160 1135 2254; x_wconf 82' lang='lat' dir='ltr'>perget</span> <span class='ocrx_word' id='word_1_84' title='bbox 1178 2152 1280 2225; x_wconf 87' lang='lat' dir='ltr'><strong>H.</strong></span> <span class='ocrx_word' id='word_1_85' title='bbox 1330 2152 1651 2227; x_wconf 68' lang='lat' dir='ltr'>Bonum</span> <span class='ocrx_word' id='word_1_86' title='bbox 1673 2212 1692 2241; x_wconf 92' lang='lat'>,</span> <span class='ocrx_word' id='word_1_87' title='bbox 1745 2152 1995 2228; x_wconf 89' lang='lat' dir='ltr'>diebus</span> <span class='ocrx_word' id='word_1_88' title='bbox 2042 2152 2213 2229; x_wconf 88' lang='lat' dir='ltr'>iovis</span> <span class='ocrx_word' id='word_1_89' title='bbox 2233 2212 2254 2242; x_wconf 92' lang='lat'><em>,</em></span> <span class='ocrx_word' id='word_1_90' title='bbox 2304 2152 2473 2227; x_wconf 66' lang='lat' dir='ltr'>hora</span> <span class='ocrx_word' id='word_1_91' title='bbox 2520 2153 2612 2228; x_wconf 93' lang='lat' dir='ltr'>X.</span> 
     </span>
    </p>

    <p class='ocr_par' dir='ltr' id='par_1_9' title="bbox 582 2270 3634 2492">
     <span class='ocr_line' id='line_1_13' title="bbox 682 2270 3634 2374; baseline -0.002 -27"><span class='ocrx_word' id='word_1_92' title='bbox 682 2275 963 2349; x_wconf 81' lang='lat' dir='ltr'>Prioris</span> <span class='ocrx_word' id='word_1_93' title='bbox 1006 2275 1105 2347; x_wconf 87' lang='lat' dir='ltr'>ad</span> <span class='ocrx_word' id='word_1_94' title='bbox 1154 2273 1535 2347; x_wconf 70' lang='lat' dir='ltr'>Corinthios</span> <span class='ocrx_word' id='word_1_95' title='bbox 1583 2274 1943 2371; x_wconf 78' lang='lat' dir='ltr'>Epistolae</span> <span class='ocrx_word' id='word_1_96' title='bbox 1987 2273 2265 2372; x_wconf 88' lang='lat' dir='ltr'>Capita.</span> <span class='ocrx_word' id='word_1_97' title='bbox 2291 2280 2638 2374; x_wconf 90' lang='lat' dir='ltr'>postrema</span> <span class='ocrx_word' id='word_1_98' title='bbox 2685 2278 2757 2345; x_wconf 92' lang='lat' dir='ltr'>et</span> <span class='ocrx_word' id='word_1_99' title='bbox 2799 2277 3152 2372; x_wconf 76' lang='lat' dir='ltr'>utramque</span> <span class='ocrx_word' id='word_1_100' title='bbox 3201 2272 3301 2344; x_wconf 86' lang='lat' dir='ltr'>ad</span> <span class='ocrx_word' id='word_1_101' title='bbox 3348 2270 3634 2343; x_wconf 76' lang='lat' dir='ltr'>Thessa-</span> 
     </span>
     <span class='ocr_line' id='line_1_14' title="bbox 582 2384 3628 2492; baseline -0.003 -23"><span class='ocrx_word' id='word_1_102' title='bbox 582 2398 962 2470; x_wconf 82' lang='lat' dir='ltr'>lonicenses</span> <span class='ocrx_word' id='word_1_103' title='bbox 994 2393 1379 2492; x_wconf 80' lang='lat' dir='ltr'>Epistolam</span> <span class='ocrx_word' id='word_1_104' title='bbox 1422 2384 1792 2491; x_wconf 72' lang='lat' dir='ltr'>eitplicabit</span> <span class='ocrx_word' id='word_1_105' title='bbox 1830 2392 1929 2467; x_wconf 94' lang='lat' dir='ltr'>H.</span> <span class='ocrx_word' id='word_1_106' title='bbox 1957 2393 2279 2469; x_wconf 68' lang='lat' dir='ltr'>Bonum</span> <span class='ocrx_word' id='word_1_107' title='bbox 2298 2450 2318 2481; x_wconf 91' lang='lat'>‚</span> <span class='ocrx_word' id='word_1_108' title='bbox 2369 2391 2618 2467; x_wconf 90' lang='lat' dir='ltr'>diebus</span> <span class='ocrx_word' id='word_1_109' title='bbox 2655 2390 2862 2465; x_wconf 88' lang='lat' dir='ltr'>lunae</span> <span class='ocrx_word' id='word_1_110' title='bbox 2903 2395 2975 2462; x_wconf 90' lang='lat' dir='ltr'>et</span> <span class='ocrx_word' id='word_1_111' title='bbox 3009 2388 3287 2475; x_wconf 88' lang='lat' dir='ltr'>martis,</span> <span class='ocrx_word' id='word_1_112' title='bbox 3334 2385 3498 2460; x_wconf 69' lang='lat' dir='ltr'>hora</span> <span class='ocrx_word' id='word_1_113' title='bbox 3533 2384 3628 2459; x_wconf 92' lang='lat' dir='ltr'>X.</span> 
     </span>
    </p>

    <p class='ocr_par' dir='ltr' id='par_1_10' title="bbox 578 2508 3630 2840">
     <span class='ocr_line' id='line_1_15' title="bbox 680 2508 3630 2613; baseline -0.004 -24"><span class='ocrx_word' id='word_1_114' title='bbox 680 2514 1071 2589; x_wconf 81' lang='lat' dir='ltr'>Historiam</span> <span class='ocrx_word' id='word_1_115' title='bbox 1110 2512 1469 2587; x_wconf 81' lang='lat' dir='ltr'>Ecclesiae</span> <span class='ocrx_word' id='word_1_116' title='bbox 1518 2511 1949 2589; x_wconf 72' lang='lat' dir='ltr'>Christianae</span> <span class='ocrx_word' id='word_1_117' title='bbox 1988 2516 2335 2613; x_wconf 81' lang='lat' dir='ltr'>antiquam</span> <span class='ocrx_word' id='word_1_118' title='bbox 2379 2519 2452 2587; x_wconf 88' lang='lat' dir='ltr'>et</span> <span class='ocrx_word' id='word_1_119' title='bbox 2486 2513 2768 2587; x_wconf 84' lang='lat' dir='ltr'>mediam</span> <span class='ocrx_word' id='word_1_120' title='bbox 2789 2568 2810 2598; x_wconf 92' lang='lat'><em>,</em></span> <span class='ocrx_word' id='word_1_121' title='bbox 2858 2508 3035 2583; x_wconf 89' lang='lat' dir='ltr'>duce</span> <span class='ocrx_word' id='word_1_122' title='bbox 3079 2508 3474 2606; x_wconf 80' lang='lat' dir='ltr'>Compendio</span> <span class='ocrx_word' id='word_1_123' title='bbox 3503 2530 3630 2579; x_wconf 87' lang='lat' dir='ltr'>suo</span> 
     </span>
     <span class='ocr_line' id='line_1_16' title="bbox 578 2626 3629 2720; baseline -0.003 -11"><span class='ocrx_word' id='word_1_124' title='bbox 578 2634 777 2710; x_wconf 82' lang='lat' dir='ltr'>Hist.</span> <span class='ocrx_word' id='word_1_125' title='bbox 844 2634 1035 2707; x_wconf 81' lang='lat' dir='ltr'>Eccl.</span> <span class='ocrx_word' id='word_1_126' title='bbox 1100 2631 1376 2707; x_wconf 49' lang='lat' dir='ltr'><strong>Vol.x1.</strong></span> <span class='ocrx_word' id='word_1_127' title='bbox 1437 2630 1784 2707; x_wconf 78' lang='lat' dir='ltr'>enarrabit</span> <span class='ocrx_word' id='word_1_128' title='bbox 1844 2631 1941 2707; x_wconf 90' lang='lat' dir='ltr'>H.</span> <span class='ocrx_word' id='word_1_129' title='bbox 1996 2633 2056 2709; x_wconf 94' lang='grc' dir='ltr'>Ι.</span> <span class='ocrx_word' id='word_1_130' title='bbox 2114 2632 2523 2707; x_wconf 64' lang='lat' dir='ltr'>Ronanus</span> <span class='ocrx_word' id='word_1_131' title='bbox 2545 2690 2565 2720; x_wconf 91' lang='lat'>‚</span> <span class='ocrx_word' id='word_1_132' title='bbox 2634 2627 2884 2706; x_wconf 90' lang='lat' dir='ltr'>diebus</span> <span class='ocrx_word' id='word_1_133' title='bbox 2937 2629 3143 2703; x_wconf 88' lang='lat' dir='ltr'>lunae</span> <span class='ocrx_word' id='word_1_134' title='bbox 3208 2636 3282 2701; x_wconf 91' lang='lat' dir='ltr'>et</span> <span class='ocrx_word' id='word_1_135' title='bbox 3345 2626 3584 2701; x_wconf 87' lang='lat' dir='ltr'>martis</span> <span class='ocrx_word' id='word_1_136' title='bbox 3609 2684 3629 2714; x_wconf 92' lang='lat'>‚</span> 
     </span>
     <span class='ocr_line' id='line_1_17' title="bbox 578 2734 2687 2840; baseline -0.001 -13"><span class='ocrx_word' id='word_1_137' title='bbox 578 2754 750 2829; x_wconf 64' lang='lat' dir='ltr'>hora</span> <span class='ocrx_word' id='word_1_138' title='bbox 802 2752 992 2840; x_wconf 91' lang='lat' dir='ltr'>XII,</span> <span class='ocrx_word' id='word_1_139' title='bbox 1040 2758 1114 2825; x_wconf 91' lang='lat' dir='ltr'>et</span> <span class='ocrx_word' id='word_1_140' title='bbox 1135 2751 1479 2831; x_wconf 67' lang='lat' dir='ltr'>„mercurii</span> <span class='ocrx_word' id='word_1_141' title='bbox 1499 2810 1518 2839; x_wconf 89' lang='lat'>,</span> <span class='ocrx_word' id='word_1_142' title='bbox 1567 2752 1734 2826; x_wconf 68' lang='lat' dir='ltr'>hora</span> <span class='ocrx_word' id='word_1_143' title='bbox 1782 2752 1883 2827; x_wconf 92' lang='lat' dir='ltr'><strong>II.</strong></span> <span class='ocrx_word' id='word_1_144' title='bbox 2679 2734 2687 2742; x_wconf 44' lang='lat'>¹</span> 
     </span>
    </p>

    <p class='ocr_par' dir='ltr' id='par_1_11' title="bbox 576 2872 3632 3092">
     <span class='ocr_line' id='line_1_18' title="bbox 676 2872 3632 2971; baseline 0 -26"><span class='ocrx_word' id='word_1_145' title='bbox 676 2874 745 2945; x_wconf 86' lang='lat' dir='ltr'><em>J</em></span> <span class='ocrx_word' id='word_1_146' title='bbox 734 2896 815 2947; x_wconf 85' lang='lat' dir='ltr'>us</span> <span class='ocrx_word' id='word_1_147' title='bbox 856 2872 1411 2947; x_wconf 81' lang='lat' dir='ltr'>Ecclesiasticum</span> <span class='ocrx_word' id='word_1_148' title='bbox 1461 2872 2027 2947; x_wconf 82' lang='lat' dir='ltr'>Nederlandicum</span> <span class='ocrx_word' id='word_1_149' title='bbox 2044 2929 2064 2960; x_wconf 91' lang='lat'>‚</span> <span class='ocrx_word' id='word_1_150' title='bbox 2114 2875 2442 2971; x_wconf 80' lang='lat' dir='ltr'>imprimis</span> <span class='ocrx_word' id='word_1_151' title='bbox 2493 2874 2577 2946; x_wconf 85' lang='lat' dir='ltr'>de</span> <span class='ocrx_word' id='word_1_152' title='bbox 2627 2873 2886 2947; x_wconf 67' lang='lat' dir='ltr'>vinculo</span> <span class='ocrx_word' id='word_1_153' title='bbox 2935 2873 3275 2945; x_wconf 87' lang='lat' dir='ltr'>civitatem</span> <span class='ocrx_word' id='word_1_154' title='bbox 3325 2873 3508 2947; x_wconf 88' lang='lat' dir='ltr'>inter</span> <span class='ocrx_word' id='word_1_155' title='bbox 3560 2882 3632 2946; x_wconf 88' lang='lat' dir='ltr'>et</span> 
     </span>
     <span class='ocr_line' id='line_1_19' title="bbox 576 2989 3623 3092; baseline 0 -25"><span class='ocrx_word' id='word_1_156' title='bbox 576 2994 965 3070; x_wconf 82' lang='lat' dir='ltr'>Ecclesiam</span> <span class='ocrx_word' id='word_1_157' title='bbox 994 2992 1118 3066; x_wconf 86' lang='lat' dir='ltr'>hoe</span> <span class='ocrx_word' id='word_1_158' title='bbox 1144 2997 1371 3066; x_wconf 89' lang='lat' dir='ltr'>nostro</span> <span class='ocrx_word' id='word_1_159' title='bbox 1400 2998 1729 3090; x_wconf 79' lang='lat' dir='ltr'>tempore,</span> <span class='ocrx_word' id='word_1_160' title='bbox 1758 2999 2057 3092; x_wconf 89' lang='lat' dir='ltr'>exponet</span> <span class='ocrx_word' id='word_1_161' title='bbox 2082 2992 2178 3069; x_wconf 91' lang='lat' dir='ltr'>H.</span> <span class='ocrx_word' id='word_1_162' title='bbox 2207 2993 2267 3069; x_wconf 92' lang='lat' dir='ltr'><strong>I.</strong></span> <span class='ocrx_word' id='word_1_163' title='bbox 2299 2993 2707 3068; x_wconf 59' lang='lat' dir='ltr'>Ronanus</span> <span class='ocrx_word' id='word_1_164' title='bbox 2727 3051 2747 3081; x_wconf 91' lang='lat'>‚</span> <span class='ocrx_word' id='word_1_165' title='bbox 2778 2990 3026 3066; x_wconf 89' lang='lat' dir='ltr'>diebus</span> <span class='ocrx_word' id='word_1_166' title='bbox 3054 2989 3226 3066; x_wconf 86' lang='lat' dir='ltr'>iovis</span> <span class='ocrx_word' id='word_1_167' title='bbox 3255 2990 3423 3067; x_wconf 64' lang='lat' dir='ltr'>hora</span> <span class='ocrx_word' id='word_1_168' title='bbox 3449 2990 3623 3069; x_wconf 87' lang='lat' dir='ltr'><strong>XII.</strong></span> 
     </span>
    </p>

    <p class='ocr_par' dir='ltr' id='par_1_12' title="bbox 572 3109 3622 3322">
     <span class='ocr_line' id='line_1_20' title="bbox 673 3109 3622 3202; baseline 0 -14"><span class='ocrx_word' id='word_1_169' title='bbox 673 3115 1127 3190; x_wconf 85' lang='lat' dir='ltr'>Patristicam</span> <span class='ocrx_word' id='word_1_170' title='bbox 1198 3109 1508 3200; x_wconf 88' lang='lat' dir='ltr'>docebit,</span> <span class='ocrx_word' id='word_1_171' title='bbox 1582 3111 1759 3186; x_wconf 90' lang='lat' dir='ltr'>duce</span> <span class='ocrx_word' id='word_1_172' title='bbox 1841 3114 2375 3188; x_wconf 85' lang='lat' dir='ltr'>Chrestomathia</span> <span class='ocrx_word' id='word_1_173' title='bbox 2441 3113 2827 3188; x_wconf 85' lang='lat' dir='ltr'>Patristica</span> <span class='ocrx_word' id='word_1_174' title='bbox 2845 3171 2866 3202; x_wconf 89' lang='lat'>‚</span> <span class='ocrx_word' id='word_1_175' title='bbox 2919 3138 2962 3188; x_wconf 86' lang='lat' dir='ltr'>a</span> <span class='ocrx_word' id='word_1_176' title='bbox 3009 3137 3082 3186; x_wconf 91' lang='lat' dir='ltr'>se</span> <span class='ocrx_word' id='word_1_177' title='bbox 3127 3112 3314 3187; x_wconf 87' lang='lat' dir='ltr'>edita</span> <span class='ocrx_word' id='word_1_178' title='bbox 3333 3172 3354 3202; x_wconf 93' lang='lat'>‚</span> <span class='ocrx_word' id='word_1_179' title='bbox 3408 3113 3504 3202; x_wconf 89' lang='lat' dir='ltr'><strong>H.</strong></span> <span class='ocrx_word' id='word_1_180' title='bbox 3559 3118 3622 3191; x_wconf 91' lang='lat'><strong>1.</strong></span> 
     </span>
     <span class='ocr_line' id='line_1_21' title="bbox 572 3231 1916 3322; baseline -0.003 -11"><span class='ocrx_word' id='word_1_181' title='bbox 572 3237 1019 3322; x_wconf 64' lang='lat' dir='ltr'>Ronanus,</span> <span class='ocrx_word' id='word_1_182' title='bbox 1071 3231 1233 3306; x_wconf 88' lang='lat' dir='ltr'>dieb</span> <span class='ocrx_word' id='word_1_183' title='bbox 1247 3255 1347 3306; x_wconf 87' lang='lat' dir='ltr'>us-</span> <span class='ocrx_word' id='word_1_184' title='bbox 1378 3231 1592 3320; x_wconf 87' lang='lat' dir='ltr'>iovis,</span> <span class='ocrx_word' id='word_1_185' title='bbox 1643 3232 1811 3307; x_wconf 69' lang='lat' dir='ltr'>hora</span> <span class='ocrx_word' id='word_1_186' title='bbox 1856 3233 1916 3307; x_wconf 94' lang='grc' dir='ltr'>Ι.</span> 
     </span>
    </p>

    <p class='ocr_par' dir='ltr' id='par_1_13' title="bbox 572 3351 3624 3564">
     <span class='ocr_line' id='line_1_22' title="bbox 678 3351 3624 3454; baseline -0 -25"><span class='ocrx_word' id='word_1_187' title='bbox 678 3356 1102 3454; x_wconf 68' lang='lat' dir='ltr'>Theoloyiam</span> <span class='ocrx_word' id='word_1_188' title='bbox 1171 3354 1615 3454; x_wconf 68' lang='lat' dir='ltr'>doymaticam</span> <span class='ocrx_word' id='word_1_189' title='bbox 1678 3351 1905 3426; x_wconf 88' lang='lat' dir='ltr'>tradet</span> <span class='ocrx_word' id='word_1_190' title='bbox 1968 3351 2067 3427; x_wconf 92' lang='lat' dir='ltr'><strong>H.</strong></span> <span class='ocrx_word' id='word_1_191' title='bbox 2128 3352 2210 3426; x_wconf 82' lang='lat' dir='ltr'><strong>E.</strong></span> <span class='ocrx_word' id='word_1_192' title='bbox 2268 3351 2516 3427; x_wconf 75' lang='lat' dir='ltr'>Vnum</span> <span class='ocrx_word' id='word_1_193' title='bbox 2538 3410 2558 3441; x_wconf 91' lang='lat'><em>,</em></span> <span class='ocrx_word' id='word_1_194' title='bbox 2627 3351 2875 3427; x_wconf 89' lang='lat' dir='ltr'>diebus</span> <span class='ocrx_word' id='word_1_195' title='bbox 2933 3351 3138 3428; x_wconf 87' lang='lat' dir='ltr'>lunae</span> <span class='ocrx_word' id='word_1_196' title='bbox 3162 3411 3180 3441; x_wconf 93' lang='lat'>‚</span> <span class='ocrx_word' id='word_1_197' title='bbox 3255 3355 3495 3430; x_wconf 85' lang='lat' dir='ltr'>martis</span> <span class='ocrx_word' id='word_1_198' title='bbox 3553 3362 3624 3429; x_wconf 89' lang='lat' dir='ltr'>et</span> 
     </span>
     <span class='ocr_line' id='line_1_23' title="bbox 572 3472 1335 3564; baseline -0.005 -12"><span class='ocrx_word' id='word_1_199' title='bbox 572 3476 752 3552; x_wconf 81' lang='lat' dir='ltr'>iovis</span> <span class='ocrx_word' id='word_1_200' title='bbox 772 3533 797 3564; x_wconf 90' lang='lat'><em>‚</em></span> <span class='ocrx_word' id='word_1_201' title='bbox 842 3475 1007 3548; x_wconf 62' lang='lat' dir='ltr'>hora</span> <span class='ocrx_word' id='word_1_202' title='bbox 1061 3472 1197 3550; x_wconf 88' lang='lat' dir='ltr'><strong>XI.</strong></span> <span class='ocrx_word' id='word_1_203' title='bbox 1330 3497 1335 3502; x_wconf 87' lang='lat'><em>·</em></span> 
     </span>
    </p>

    <p class='ocr_par' dir='ltr' id='par_1_14' title="bbox 571 3591 3616 3804">
     <span class='ocr_line' id='line_1_24' title="bbox 678 3591 3616 3692; baseline -0.001 -22"><span class='ocrx_word' id='word_1_204' title='bbox 678 3594 914 3670; x_wconf 89' lang='lat' dir='ltr'>Colloc</span> <span class='ocrx_word' id='word_1_205' title='bbox 922 3593 1275 3668; x_wconf 86' lang='lat' dir='ltr'>utionibus</span> <span class='ocrx_word' id='word_1_206' title='bbox 1323 3596 1407 3668; x_wconf 84' lang='lat' dir='ltr'>de</span> <span class='ocrx_word' id='word_1_207' title='bbox 1468 3593 1814 3666; x_wconf 85' lang='lat' dir='ltr'>Catechesi</span> <span class='ocrx_word' id='word_1_208' title='bbox 1858 3592 2421 3692; x_wconf 68' lang='lat' dir='ltr'>Heidelberyensi</span> <span class='ocrx_word' id='word_1_209' title='bbox 2440 3650 2460 3681; x_wconf 92' lang='lat'><em>,</em></span> <span class='ocrx_word' id='word_1_210' title='bbox 2518 3616 2680 3666; x_wconf 90' lang='lat' dir='ltr'>cum</span> <span class='ocrx_word' id='word_1_211' title='bbox 2729 3591 3314 3668; x_wconf 84' lang='lat' dir='ltr'>commilitonibus</span> <span class='ocrx_word' id='word_1_212' title='bbox 3360 3593 3616 3668; x_wconf 90' lang='lat' dir='ltr'>haben-</span> 
     </span>
     <span class='ocr_line' id='line_1_25' title="bbox 571 3711 2992 3804; baseline -0.001 -14"><span class='ocrx_word' id='word_1_213' title='bbox 571 3715 726 3804; x_wconf 84' lang='lat' dir='ltr'>dis,</span> <span class='ocrx_word' id='word_1_214' title='bbox 779 3711 1057 3790; x_wconf 87' lang='lat' dir='ltr'>vacabit</span> <span class='ocrx_word' id='word_1_215' title='bbox 1100 3712 1199 3788; x_wconf 92' lang='lat' dir='ltr'><strong>H.</strong></span> <span class='ocrx_word' id='word_1_216' title='bbox 1242 3713 1326 3786; x_wconf 89' lang='lat' dir='ltr'><strong>E.</strong></span> <span class='ocrx_word' id='word_1_217' title='bbox 1376 3712 1660 3800; x_wconf 68' lang='lat' dir='ltr'>Vnsxn,</span> <span class='ocrx_word' id='word_1_218' title='bbox 1715 3711 1961 3786; x_wconf 86' lang='lat' dir='ltr'>diebus</span> <span class='ocrx_word' id='word_1_219' title='bbox 2002 3711 2173 3787; x_wconf 89' lang='lat' dir='ltr'>iovis</span> <span class='ocrx_word' id='word_1_220' title='bbox 2214 3719 2285 3786; x_wconf 90' lang='lat' dir='ltr'>et</span> <span class='ocrx_word' id='word_1_221' title='bbox 2328 3712 2628 3801; x_wconf 87' lang='lat' dir='ltr'>veneris,</span> <span class='ocrx_word' id='word_1_222' title='bbox 2679 3712 2848 3787; x_wconf 65' lang='lat' dir='ltr'>hora</span> <span class='ocrx_word' id='word_1_223' title='bbox 2888 3714 2992 3788; x_wconf 96' lang='lat' dir='ltr'><strong>II.</strong></span> 
     </span>
    </p>

    <p class='ocr_par' dir='ltr' id='par_1_15' title="bbox 568 3831 3616 4042">
     <span class='ocr_line' id='line_1_26' title="bbox 670 3831 3616 3924; baseline -0 -16"><span class='ocrx_word' id='word_1_224' title='bbox 670 3835 995 3911; x_wconf 79' lang='lat' dir='ltr'>Ethieam</span> <span class='ocrx_word' id='word_1_225' title='bbox 1072 3832 1523 3907; x_wconf 69' lang='lat' dir='ltr'>Christianam</span> <span class='ocrx_word' id='word_1_226' title='bbox 1584 3831 1859 3908; x_wconf 83' lang='lat' dir='ltr'>docebit</span> <span class='ocrx_word' id='word_1_227' title='bbox 1898 3833 1997 3908; x_wconf 93' lang='lat' dir='ltr'><strong>H.</strong></span> <span class='ocrx_word' id='word_1_228' title='bbox 2046 3834 2085 3907; x_wconf 99' lang='grc' dir='ltr'><strong>Ι</strong></span> <span class='ocrx_word' id='word_1_229' title='bbox 2090 3887 2107 3906; x_wconf 91' lang='grc'><strong>.</strong></span> <span class='ocrx_word' id='word_1_230' title='bbox 2150 3833 2558 3909; x_wconf 59' lang='lat' dir='ltr'>Ronanus</span> <span class='ocrx_word' id='word_1_231' title='bbox 2581 3892 2600 3924; x_wconf 91' lang='lat'><em>,</em></span> <span class='ocrx_word' id='word_1_232' title='bbox 2667 3833 2915 3908; x_wconf 88' lang='lat' dir='ltr'>diebus</span> <span class='ocrx_word' id='word_1_233' title='bbox 2960 3833 3166 3909; x_wconf 88' lang='lat' dir='ltr'>lunae</span> <span class='ocrx_word' id='word_1_234' title='bbox 3187 3891 3208 3922; x_wconf 89' lang='lat'><strong>,</strong></span> <span class='ocrx_word' id='word_1_235' title='bbox 3261 3834 3500 3909; x_wconf 88' lang='lat' dir='ltr'>martis</span> <span class='ocrx_word' id='word_1_236' title='bbox 3543 3841 3616 3908; x_wconf 90' lang='lat' dir='ltr'>et</span> 
     </span>
     <span class='ocr_line' id='line_1_27' title="bbox 568 3950 1257 4042; baseline -0.003 -12"><span class='ocrx_word' id='word_1_237' title='bbox 568 3953 929 4042; x_wconf 89' lang='lat' dir='ltr'>mercurii,</span> <span class='ocrx_word' id='word_1_238' title='bbox 979 3950 1149 4026; x_wconf 64' lang='lat' dir='ltr'>hora</span> <span class='ocrx_word' id='word_1_239' title='bbox 1194 3951 1257 4028; x_wconf 92' lang='grc' dir='ltr'>Ι.</span> 
     </span>
    </p>

    <p class='ocr_par' dir='ltr' id='par_1_16' title="bbox 566 4071 3608 4282">
     <span class='ocr_line' id='line_1_28' title="bbox 676 4071 3608 4174; baseline 0 -26"><span class='ocrx_word' id='word_1_240' title='bbox 676 4073 1101 4174; x_wconf 70' lang='lat' dir='ltr'>Theoloy&#39;iam</span> <span class='ocrx_word' id='word_1_241' title='bbox 1136 4072 1555 4170; x_wconf 70' lang='lat' dir='ltr'>pastoralem</span> <span class='ocrx_word' id='word_1_242' title='bbox 1615 4072 1841 4148; x_wconf 88' lang='lat' dir='ltr'>tradet</span> <span class='ocrx_word' id='word_1_243' title='bbox 1890 4073 1989 4150; x_wconf 92' lang='lat' dir='ltr'><strong>H.</strong></span> <span class='ocrx_word' id='word_1_244' title='bbox 2048 4074 2132 4150; x_wconf 89' lang='lat' dir='ltr'><strong>E.</strong></span> <span class='ocrx_word' id='word_1_245' title='bbox 2190 4073 2440 4148; x_wconf 73' lang='lat' dir='ltr'>Vnum</span> <span class='ocrx_word' id='word_1_246' title='bbox 2454 4131 2474 4162; x_wconf 91' lang='lat'>‚</span> <span class='ocrx_word' id='word_1_247' title='bbox 2527 4071 2774 4148; x_wconf 87' lang='lat' dir='ltr'>diebus</span> <span class='ocrx_word' id='word_1_248' title='bbox 2827 4074 3068 4149; x_wconf 90' lang='lat' dir='ltr'>martis</span> <span class='ocrx_word' id='word_1_249' title='bbox 3088 4132 3109 4163; x_wconf 88' lang='lat'>,</span> <span class='ocrx_word' id='word_1_250' title='bbox 3157 4074 3330 4148; x_wconf 85' lang='lat' dir='ltr'>iovis</span> <span class='ocrx_word' id='word_1_251' title='bbox 3375 4082 3449 4148; x_wconf 90' lang='lat' dir='ltr'>et</span> <span class='ocrx_word' id='word_1_252' title='bbox 3498 4097 3608 4148; x_wconf 88' lang='lat' dir='ltr'>ve-</span> 
     </span>
     <span class='ocr_line' id='line_1_29' title="bbox 566 4191 1267 4282; baseline -0.004 -14"><span class='ocrx_word' id='word_1_253' title='bbox 566 4194 799 4282; x_wconf 90' lang='lat' dir='ltr'>neris,</span> <span class='ocrx_word' id='word_1_254' title='bbox 848 4191 1017 4267; x_wconf 61' lang='lat' dir='ltr'>hora</span> <span class='ocrx_word' id='word_1_255' title='bbox 1068 4191 1267 4266; x_wconf 90' lang='lat' dir='ltr'><strong>VIII.</strong></span> 
     </span>
    </p>

    <p class='ocr_par' dir='ltr' id='par_1_17' title="bbox 562 4309 3608 4521">
     <span class='ocr_line' id='line_1_30' title="bbox 668 4309 3608 4396; baseline 0 -10"><span class='ocrx_word' id='word_1_256' title='bbox 668 4313 1049 4389; x_wconf 83' lang='lat' dir='ltr'>Puerorum</span> <span class='ocrx_word' id='word_1_257' title='bbox 1085 4311 1434 4386; x_wconf 88' lang='lat' dir='ltr'>doctrinae</span> <span class='ocrx_word' id='word_1_258' title='bbox 1468 4309 1898 4389; x_wconf 78' lang='lat' dir='ltr'>Christianae</span> <span class='ocrx_word' id='word_1_259' title='bbox 1925 4311 2142 4396; x_wconf 86' lang='lat' dir='ltr'>initiis</span> <span class='ocrx_word' id='word_1_260' title='bbox 2168 4313 2677 4388; x_wconf 73' lang='lat' dir='ltr'>erudiendorum</span> <span class='ocrx_word' id='word_1_261' title='bbox 2705 4312 3262 4388; x_wconf 80' lang='lat' dir='ltr'>exercitationem</span> <span class='ocrx_word' id='word_1_262' title='bbox 3288 4311 3608 4386; x_wconf 86' lang='lat' dir='ltr'>instituet</span> 
     </span>
     <span class='ocr_line' id='line_1_31' title="bbox 562 4430 2054 4521; baseline 0.001 -12"><span class='ocrx_word' id='word_1_263' title='bbox 562 4433 668 4509; x_wconf 92' lang='lat' dir='ltr'><strong>H.</strong></span> <span class='ocrx_word' id='word_1_264' title='bbox 722 4433 806 4508; x_wconf 88' lang='lat' dir='ltr'><strong>E.</strong></span> <span class='ocrx_word' id='word_1_265' title='bbox 856 4432 1145 4520; x_wconf 77' lang='lat' dir='ltr'>men,</span> <span class='ocrx_word' id='word_1_266' title='bbox 1196 4431 1311 4506; x_wconf 90' lang='lat' dir='ltr'>die</span> <span class='ocrx_word' id='word_1_267' title='bbox 1357 4430 1657 4521; x_wconf 86' lang='lat' dir='ltr'>veneris,</span> <span class='ocrx_word' id='word_1_268' title='bbox 1706 4433 1875 4510; x_wconf 66' lang='lat' dir='ltr'>hora</span> <span class='ocrx_word' id='word_1_269' title='bbox 1922 4433 2054 4510; x_wconf 89' lang='lat' dir='ltr'><strong>XI.</strong></span> 
     </span>
    </p>

    <p class='ocr_par' dir='ltr' id='par_1_18' title="bbox 562 4550 3603 4765">
     <span class='ocr_line' id='line_1_32' title="bbox 668 4550 3603 4664; baseline -0 -36"><span class='ocrx_word' id='word_1_270' title='bbox 668 4552 1279 4630; x_wconf 80' lang='lat' dir='ltr'>commilitonibus</span> <span class='ocrx_word' id='word_1_271' title='bbox 1297 4610 1318 4641; x_wconf 89' lang='lat'>,</span> <span class='ocrx_word' id='word_1_272' title='bbox 1366 4554 1704 4664; x_wconf 69' lang='lat' dir='ltr'>orationes</span> <span class='ocrx_word' id='word_1_273' title='bbox 1746 4579 1984 4630; x_wconf 84' lang='lat' dir='ltr'>sacras</span> <span class='ocrx_word' id='word_1_274' title='bbox 2024 4551 2446 4630; x_wconf 83' lang='lat' dir='ltr'>habentibus</span> <span class='ocrx_word' id='word_1_275' title='bbox 2470 4611 2490 4642; x_wconf 88' lang='lat'>,</span> <span class='ocrx_word' id='word_1_276' title='bbox 2537 4551 2886 4651; x_wconf 88' lang='lat' dir='ltr'>praesides</span> <span class='ocrx_word' id='word_1_277' title='bbox 2926 4552 3223 4627; x_wconf 86' lang='lat' dir='ltr'>aderunt</span> <span class='ocrx_word' id='word_1_278' title='bbox 3268 4550 3366 4627; x_wconf 91' lang='lat' dir='ltr'><strong>H.</strong></span> <span class='ocrx_word' id='word_1_279' title='bbox 3407 4551 3603 4628; x_wconf 84' lang='lat' dir='ltr'>Bon-</span> 
     </span>
     <span class='ocr_line' id='line_1_33' title="bbox 562 4671 3602 4765; baseline 0 -17"><span class='ocrx_word' id='word_1_280' title='bbox 562 4697 770 4763; x_wconf 71' lang='lat' dir='ltr'>fflm,</span> <span class='ocrx_word' id='word_1_281' title='bbox 838 4674 938 4749; x_wconf 94' lang='lat' dir='ltr'><strong>H.</strong></span> <span class='ocrx_word' id='word_1_282' title='bbox 1006 4674 1065 4750; x_wconf 93' lang='grc' dir='ltr'>Ι.</span> <span class='ocrx_word' id='word_1_283' title='bbox 1133 4673 1537 4748; x_wconf 61' lang='lat' dir='ltr'>Ronanus</span> <span class='ocrx_word' id='word_1_284' title='bbox 1605 4678 1678 4747; x_wconf 87' lang='lat' dir='ltr'>et</span> <span class='ocrx_word' id='word_1_285' title='bbox 1722 4673 1820 4750; x_wconf 94' lang='lat' dir='ltr'><strong>H.</strong></span> <span class='ocrx_word' id='word_1_286' title='bbox 1864 4675 1947 4752; x_wconf 87' lang='grc' dir='ltr'>Ε.</span> <span class='ocrx_word' id='word_1_287' title='bbox 1997 4674 2285 4765; x_wconf 78' lang='lat' dir='ltr'>men,</span> <span class='ocrx_word' id='word_1_288' title='bbox 2335 4671 2584 4751; x_wconf 87' lang='lat' dir='ltr'>diebus</span> <span class='ocrx_word' id='word_1_289' title='bbox 2632 4678 2703 4747; x_wconf 87' lang='lat' dir='ltr'>et</span> <span class='ocrx_word' id='word_1_290' title='bbox 2745 4671 2968 4762; x_wconf 85' lang='lat' dir='ltr'>horis,</span> <span class='ocrx_word' id='word_1_291' title='bbox 3019 4678 3172 4748; x_wconf 90' lang='lat' dir='ltr'>tum</span> <span class='ocrx_word' id='word_1_292' title='bbox 3225 4672 3397 4762; x_wconf 87' lang='lat' dir='ltr'>sibi,</span> <span class='ocrx_word' id='word_1_293' title='bbox 3447 4681 3602 4748; x_wconf 87' lang='lat' dir='ltr'>tum</span> 
     </span>
    </p>
   </div>
   <div class='ocr_carea' id='block_1_6' title="bbox 560 4793 3218 4988">
    <p class='ocr_par' dir='ltr' id='par_1_19' title="bbox 560 4793 3218 4988">
     <span class='ocr_line' id='line_1_34' title="bbox 560 4793 1951 4872; baseline 0.001 -2"><span class='ocrx_word' id='word_1_294' title='bbox 560 4794 1157 4871; x_wconf 85' lang='lat' dir='ltr'>commilitonibus</span> <span class='ocrx_word' id='word_1_295' title='bbox 1205 4793 1501 4870; x_wconf 84' lang='lat' dir='ltr'>maxime</span> <span class='ocrx_word' id='word_1_296' title='bbox 1550 4793 1951 4872; x_wconf 85' lang='lat' dir='ltr'>commodis.</span> 
     </span>
     <span class='ocr_line' id='line_1_35' title="bbox 3126 4919 3218 4988; baseline 0 0"><span class='ocrx_word' id='word_1_297' title='bbox 3126 4919 3218 4988; x_wconf 80' lang='lat'>22</span> 
     </span>
    </p>
   </div>
  </div>
 </body>
</html>
