<?xml version="1.0" encoding="UTF-8"?>
<!DOCTYPE html PUBLIC "-//W3C//DTD XHTML 1.0 Transitional//EN"
    "http://www.w3.org/TR/xhtml1/DTD/xhtml1-transitional.dtd">
<html xmlns="http://www.w3.org/1999/xhtml" xml:lang="en" lang="en">
 <head>
  <title>
</title>
<meta http-equiv="Content-Type" content="text/html;charset=utf-8" />
  <meta name='ocr-system' content='tesseract 3.04.00' />
  <meta name='ocr-capabilities' content='ocr_page ocr_carea ocr_par ocr_line ocrx_word'/>
</head>
<body>
  <div class='ocr_page' id='page_1' title='image "annalesacademic02confgoog_0339.png"; bbox 0 0 4766 6034; ppageno 0'>
   <div class='ocr_carea' id='block_1_1' title="bbox 1791 658 3592 728">
    <p class='ocr_par' dir='ltr' id='par_1_1' title="bbox 1791 658 3592 728">
     <span class='ocr_line' id='line_1_1' title="bbox 1791 658 3592 728; baseline -0.001 -2"><span class='ocrx_word' id='word_1_1' title='bbox 1791 658 2346 728; x_wconf 82' lang='lat' dir='ltr'>ORATIO.</span> <span class='ocrx_word' id='word_1_2' title='bbox 3506 662 3592 726; x_wconf 77' lang='lat'><strong>47</strong></span> 
     </span>
    </p>
   </div>
   <div class='ocr_carea' id='block_1_2' title="bbox 464 864 3633 4934">
    <p class='ocr_par' dir='ltr' id='par_1_2' title="bbox 464 864 3633 4934">
     <span class='ocr_line' id='line_1_2' title="bbox 559 864 3592 969; baseline -0.001 -26"><span class='ocrx_word' id='word_1_3' title='bbox 559 866 1008 969; x_wconf 82' lang='lat' dir='ltr'>neglexerint,</span> <span class='ocrx_word' id='word_1_4' title='bbox 1054 866 1246 966; x_wconf 90' lang='lat' dir='ltr'><strong>quod</strong></span> <span class='ocrx_word' id='word_1_5' title='bbox 1281 864 1566 965; x_wconf 86' lang='lat' dir='ltr'><strong>quidem</strong></span> <span class='ocrx_word' id='word_1_6' title='bbox 1609 868 2031 966; x_wconf 84' lang='lat' dir='ltr'><strong>experientia</strong></span> <span class='ocrx_word' id='word_1_7' title='bbox 2065 868 2278 944; x_wconf 81' lang='lat' dir='ltr'><strong>fuerit</strong></span> <span class='ocrx_word' id='word_1_8' title='bbox 2314 868 2689 968; x_wconf 88' lang='lat' dir='ltr'><strong>probatum</strong></span> <span class='ocrx_word' id='word_1_9' title='bbox 2718 875 2789 942; x_wconf 89' lang='lat' dir='ltr'><strong>et</strong></span> <span class='ocrx_word' id='word_1_10' title='bbox 2824 892 2959 942; x_wconf 88' lang='lat' dir='ltr'><strong>usu</strong></span> <span class='ocrx_word' id='word_1_11' title='bbox 2989 892 3141 943; x_wconf 90' lang='lat' dir='ltr'><strong>com</strong></span> <span class='ocrx_word' id='word_1_12' title='bbox 3150 868 3558 943; x_wconf 80' lang='lat' dir='ltr'><strong>mendatum</strong></span> <span class='ocrx_word' id='word_1_13' title='bbox 3574 927 3592 955; x_wconf 89' lang='lat'><em>,</em></span> 
     </span>
     <span class='ocr_line' id='line_1_3' title="bbox 543 983 3594 1090; baseline -0 -26"><span class='ocrx_word' id='word_1_14' title='bbox 543 994 778 1089; x_wconf 78' lang='lat' dir='ltr'><strong>&#39;quum</strong></span> <span class='ocrx_word' id='word_1_15' title='bbox 823 987 959 1089; x_wconf 90' lang='lat' dir='ltr'><strong>ipsi</strong></span> <span class='ocrx_word' id='word_1_16' title='bbox 1015 995 1236 1063; x_wconf 88' lang='lat' dir='ltr'><strong>artem</strong></span> <span class='ocrx_word' id='word_1_17' title='bbox 1280 987 1510 1063; x_wconf 88' lang='lat' dir='ltr'><strong>conati</strong></span> <span class='ocrx_word' id='word_1_18' title='bbox 1557 988 1700 1063; x_wconf 85' lang='lat' dir='ltr'><strong>sint</strong></span> <span class='ocrx_word' id='word_1_19' title='bbox 1734 1013 1861 1088; x_wconf 90' lang='lat' dir='ltr'><strong>pro</strong></span> <span class='ocrx_word' id='word_1_20' title='bbox 1900 990 2078 1065; x_wconf 82' lang='lat' dir='ltr'><strong>virili</strong></span> <span class='ocrx_word' id='word_1_21' title='bbox 2119 983 2316 1090; x_wconf 88' lang='lat' dir='ltr'><strong>parte</strong></span> <span class='ocrx_word' id='word_1_22' title='bbox 2359 1014 2754 1089; x_wconf 89' lang='lat' dir='ltr'><strong>promovere</strong></span> <span class='ocrx_word' id='word_1_23' title='bbox 2774 1048 2793 1078; x_wconf 90' lang='lat'><em>‚</em></span> <span class='ocrx_word' id='word_1_24' title='bbox 2840 1014 3095 1088; x_wconf 83' lang='lat' dir='ltr'><strong>augere</strong></span> <span class='ocrx_word' id='word_1_25' title='bbox 3134 997 3206 1063; x_wconf 91' lang='lat' dir='ltr'><strong>et</strong></span> <span class='ocrx_word' id='word_1_26' title='bbox 3246 1012 3594 1064; x_wconf 83' lang='lat' dir='ltr'><strong>exornare.</strong></span> 
     </span>
     <span class='ocr_line' id='line_1_4' title="bbox 543 1108 3595 1210; baseline 0 -27"><span class='ocrx_word' id='word_1_27' title='bbox 543 1192 549 1197; x_wconf 50' lang='grc'>,</span> <span class='ocrx_word' id='word_1_28' title='bbox 656 1111 820 1184; x_wconf 94' lang='lat' dir='ltr'><strong>Non</strong></span> <span class='ocrx_word' id='word_1_29' title='bbox 863 1110 1132 1198; x_wconf 85' lang='lat' dir='ltr'><strong>omnia,</strong></span> <span class='ocrx_word' id='word_1_30' title='bbox 1179 1134 1359 1208; x_wconf 87' lang='lat' dir='ltr'><strong>quae</strong></span> <span class='ocrx_word' id='word_1_31' title='bbox 1404 1109 1594 1208; x_wconf 87' lang='lat' dir='ltr'><strong>apud</strong></span> <span class='ocrx_word' id='word_1_32' title='bbox 1631 1117 1902 1185; x_wconf 87' lang='lat' dir='ltr'><strong>exteras</strong></span> <span class='ocrx_word' id='word_1_33' title='bbox 1942 1118 2186 1210; x_wconf 79' lang='lat' dir='ltr'><strong>gentes</strong></span> <span class='ocrx_word' id='word_1_34' title='bbox 2231 1118 2481 1186; x_wconf 85' lang='lat' dir='ltr'><strong>novata</strong></span> <span class='ocrx_word' id='word_1_35' title='bbox 2514 1118 2724 1209; x_wconf 87' lang='lat' dir='ltr'><strong>atque</strong></span> <span class='ocrx_word' id='word_1_36' title='bbox 2762 1108 3153 1209; x_wconf 80' lang='lat' dir='ltr'><strong>praedicata</strong></span> <span class='ocrx_word' id='word_1_37' title='bbox 3184 1117 3388 1198; x_wconf 88' lang='lat' dir='ltr'><strong>sunt,</strong></span> <span class='ocrx_word' id='word_1_38' title='bbox 3438 1134 3595 1183; x_wconf 87' lang='lat' dir='ltr'><strong>nos-</strong></span> 
     </span>
     <span class='ocr_line' id='line_1_5' title="bbox 557 1229 3595 1332; baseline -0.001 -26"><span class='ocrx_word' id='word_1_39' title='bbox 557 1230 854 1307; x_wconf 83' lang='lat' dir='ltr'><strong>tratibus</strong></span> <span class='ocrx_word' id='word_1_40' title='bbox 917 1229 1263 1331; x_wconf 81' lang='lat' dir='ltr'><strong>placuisse</strong></span> <span class='ocrx_word' id='word_1_41' title='bbox 1331 1237 1542 1328; x_wconf 86' lang='lat' dir='ltr'><strong>atque</strong></span> <span class='ocrx_word' id='word_1_42' title='bbox 1601 1231 1930 1306; x_wconf 91' lang='lat' dir='ltr'><strong>continuo</strong></span> <span class='ocrx_word' id='word_1_43' title='bbox 1971 1233 2045 1306; x_wconf 89' lang='lat' dir='ltr'><strong>in</strong></span> <span class='ocrx_word' id='word_1_44' title='bbox 2087 1233 2331 1332; x_wconf 77' lang='lat' dir='ltr'><strong>praxin</strong></span> <span class='ocrx_word' id='word_1_45' title='bbox 2375 1232 2592 1307; x_wconf 85' lang='lat' dir='ltr'><strong>fuisse</strong></span> <span class='ocrx_word' id='word_1_46' title='bbox 2629 1230 3023 1305; x_wconf 85' lang='lat' dir='ltr'><strong>introducta</strong></span> <span class='ocrx_word' id='word_1_47' title='bbox 3073 1230 3317 1304; x_wconf 85' lang='lat' dir='ltr'><strong>honori</strong></span> <span class='ocrx_word' id='word_1_48' title='bbox 3362 1229 3595 1330; x_wconf 87' lang='lat' dir='ltr'><strong>potius</strong></span> 
     </span>
     <span class='ocr_line' id='line_1_6' title="bbox 553 1350 3593 1451; baseline 0 -26"><span class='ocrx_word' id='word_1_49' title='bbox 553 1351 878 1449; x_wconf 79' lang='lat' dir='ltr'><strong>equidem</strong></span> <span class='ocrx_word' id='word_1_50' title='bbox 951 1376 1163 1449; x_wconf 82' lang='lat' dir='ltr'><strong>quam</strong></span> <span class='ocrx_word' id='word_1_51' title='bbox 1225 1350 1544 1425; x_wconf 81' lang='lat' dir='ltr'><strong>dedecori</strong></span> <span class='ocrx_word' id='word_1_52' title='bbox 1607 1350 1947 1427; x_wconf 87' lang='lat' dir='ltr'><strong>duxerim.</strong></span> <span class='ocrx_word' id='word_1_53' title='bbox 2045 1355 2318 1428; x_wconf 86' lang='lat' dir='ltr'><strong>Natura</strong></span> <span class='ocrx_word' id='word_1_54' title='bbox 2375 1352 2563 1428; x_wconf 92' lang='lat' dir='ltr'><strong>enim</strong></span> <span class='ocrx_word' id='word_1_55' title='bbox 2613 1394 2709 1411; x_wconf 89' lang='lat'><strong>--</strong></span> <span class='ocrx_word' id='word_1_56' title='bbox 2754 1376 2881 1426; x_wconf 91' lang='lat' dir='ltr'><strong>nec</strong></span> <span class='ocrx_word' id='word_1_57' title='bbox 2950 1360 3057 1426; x_wconf 89' lang='lat' dir='ltr'><strong>est</strong></span> <span class='ocrx_word' id='word_1_58' title='bbox 3109 1352 3298 1451; x_wconf 89' lang='lat' dir='ltr'><strong>quod</strong></span> <span class='ocrx_word' id='word_1_59' title='bbox 3348 1372 3593 1449; x_wconf 84' lang='lat' dir='ltr'><strong>quera-</strong></span> 
     </span>
     <span class='ocr_line' id='line_1_7' title="bbox 555 1469 3596 1571; baseline 0 -26"><span class='ocrx_word' id='word_1_60' title='bbox 555 1494 711 1545; x_wconf 88' lang='lat' dir='ltr'><strong>mur</strong></span> <span class='ocrx_word' id='word_1_61' title='bbox 777 1513 878 1529; x_wconf 91' lang='lat'><strong>--</strong></span> <span class='ocrx_word' id='word_1_62' title='bbox 943 1476 1184 1545; x_wconf 86' lang='lat' dir='ltr'><strong>cautos</strong></span> <span class='ocrx_word' id='word_1_63' title='bbox 1270 1492 1399 1543; x_wconf 91' lang='lat' dir='ltr'><strong>nos</strong></span> <span class='ocrx_word' id='word_1_64' title='bbox 1475 1469 1676 1543; x_wconf 83' lang='lat' dir='ltr'><strong>finxit</strong></span> <span class='ocrx_word' id='word_1_65' title='bbox 1737 1478 1948 1569; x_wconf 90' lang='lat' dir='ltr'><strong>atque</strong></span> <span class='ocrx_word' id='word_1_66' title='bbox 2016 1470 2393 1569; x_wconf 83' lang='lat' dir='ltr'><strong>prudentes</strong></span> <span class='ocrx_word' id='word_1_67' title='bbox 2416 1530 2435 1559; x_wconf 89' lang='lat'>‚</span> <span class='ocrx_word' id='word_1_68' title='bbox 2518 1496 2747 1570; x_wconf 91' lang='lat' dir='ltr'><strong>neque</strong></span> <span class='ocrx_word' id='word_1_69' title='bbox 2813 1479 3069 1546; x_wconf 90' lang='lat' dir='ltr'><strong>temere</strong></span> <span class='ocrx_word' id='word_1_70' title='bbox 3140 1471 3557 1571; x_wconf 83' lang='lat' dir='ltr'><strong>excipientes</strong></span> <span class='ocrx_word' id='word_1_71' title='bbox 3577 1529 3596 1558; x_wconf 91' lang='lat'>,</span> 
     </span>
     <span class='ocr_line' id='line_1_8' title="bbox 554 1588 3596 1691; baseline 0.001 -26"><span class='ocrx_word' id='word_1_72' title='bbox 554 1614 1036 1689; x_wconf 87' lang='lat' dir='ltr'><strong>quaecumque</strong></span> <span class='ocrx_word' id='word_1_73' title='bbox 1111 1598 1301 1664; x_wconf 88' lang='lat' dir='ltr'><strong>aetas</strong></span> <span class='ocrx_word' id='word_1_74' title='bbox 1383 1588 1720 1665; x_wconf 84' lang='lat' dir='ltr'><strong>bonorum</strong></span> <span class='ocrx_word' id='word_1_75' title='bbox 1809 1616 2030 1690; x_wconf 86' lang='lat' dir='ltr'><strong>aeque</strong></span> <span class='ocrx_word' id='word_1_76' title='bbox 2117 1618 2198 1667; x_wconf 89' lang='lat' dir='ltr'><strong>ac</strong></span> <span class='ocrx_word' id='word_1_77' title='bbox 2275 1593 2617 1668; x_wconf 84' lang='lat' dir='ltr'><strong>malorum</strong></span> <span class='ocrx_word' id='word_1_78' title='bbox 2680 1593 2871 1667; x_wconf 83' lang='lat' dir='ltr'><strong>ferax</strong></span> <span class='ocrx_word' id='word_1_79' title='bbox 2936 1592 3322 1691; x_wconf 89' lang='lat' dir='ltr'><strong>protrudit,</strong></span> <span class='ocrx_word' id='word_1_80' title='bbox 3386 1616 3596 1690; x_wconf 85' lang='lat' dir='ltr'><strong>quae-</strong></span> 
     </span>
     <span class='ocr_line' id='line_1_9' title="bbox 551 1709 3597 1811; baseline 0.001 -28"><span class='ocrx_word' id='word_1_81' title='bbox 551 1736 858 1810; x_wconf 90' lang='lat' dir='ltr'><strong>cumque</strong></span> <span class='ocrx_word' id='word_1_82' title='bbox 917 1735 1130 1786; x_wconf 80' lang='lat' dir='ltr'><strong>vanae</strong></span> <span class='ocrx_word' id='word_1_83' title='bbox 1197 1709 1454 1811; x_wconf 86' lang='lat' dir='ltr'><strong>gloriae</strong></span> <span class='ocrx_word' id='word_1_84' title='bbox 1516 1711 1724 1785; x_wconf 86' lang='lat' dir='ltr'><strong>nimis</strong></span> <span class='ocrx_word' id='word_1_85' title='bbox 1763 1712 2058 1789; x_wconf 83' lang='lat' dir='ltr'><strong>studiosi</strong></span> <span class='ocrx_word' id='word_1_86' title='bbox 2103 1714 2296 1787; x_wconf 92' lang='lat' dir='ltr'><strong>nullo</strong></span> <span class='ocrx_word' id='word_1_87' title='bbox 2343 1738 2481 1787; x_wconf 89' lang='lat' dir='ltr'><strong>non</strong></span> <span class='ocrx_word' id='word_1_88' title='bbox 2532 1712 2647 1786; x_wconf 90' lang='lat' dir='ltr'><strong>die</strong></span> <span class='ocrx_word' id='word_1_89' title='bbox 2688 1713 3073 1788; x_wconf 86' lang='lat' dir='ltr'><strong>enituntur.</strong></span> <span class='ocrx_word' id='word_1_90' title='bbox 3170 1715 3407 1791; x_wconf 87' lang='lat' dir='ltr'><strong>Quam</strong></span> <span class='ocrx_word' id='word_1_91' title='bbox 3450 1712 3597 1787; x_wconf 85' lang='lat' dir='ltr'><strong>dixi</strong></span> 
     </span>
     <span class='ocr_line' id='line_1_10' title="bbox 551 1830 3597 1933; baseline 0 -28"><span class='ocrx_word' id='word_1_92' title='bbox 551 1832 784 1930; x_wconf 87' lang='lat' dir='ltr'><strong>gentis</strong></span> <span class='ocrx_word' id='word_1_93' title='bbox 849 1842 1122 1911; x_wconf 79' lang='lat' dir='ltr'><strong>nostrae</strong></span> <span class='ocrx_word' id='word_1_94' title='bbox 1187 1830 1490 1905; x_wconf 90' lang='lat' dir='ltr'><strong>indolem</strong></span> <span class='ocrx_word' id='word_1_95' title='bbox 1513 1890 1532 1920; x_wconf 90' lang='lat'><em>‚</em></span> <span class='ocrx_word' id='word_1_96' title='bbox 1603 1832 1752 1905; x_wconf 89' lang='lat' dir='ltr'><strong>eius</strong></span> <span class='ocrx_word' id='word_1_97' title='bbox 1823 1856 2218 1932; x_wconf 81' lang='lat' dir='ltr'><strong>expressam</strong></span> <span class='ocrx_word' id='word_1_98' title='bbox 2297 1833 2632 1933; x_wconf 82' lang='lat' dir='ltr'><strong>adspiciet</strong></span> <span class='ocrx_word' id='word_1_99' title='bbox 2720 1833 3099 1933; x_wconf 87' lang='lat' dir='ltr'><strong>imaginem</strong></span> <span class='ocrx_word' id='word_1_100' title='bbox 3120 1892 3139 1921; x_wconf 91' lang='lat'>,</span> <span class='ocrx_word' id='word_1_101' title='bbox 3234 1834 3356 1933; x_wconf 92' lang='lat' dir='ltr'><strong>qui</strong></span> <span class='ocrx_word' id='word_1_102' title='bbox 3432 1834 3597 1907; x_wconf 87' lang='lat' dir='ltr'><strong>artis</strong></span> 
     </span>
     <span class='ocr_line' id='line_1_11' title="bbox 555 1950 3597 2054; baseline 0 -29"><span class='ocrx_word' id='word_1_103' title='bbox 555 1950 1284 2052; x_wconf 88' lang='lat' dir='ltr'><strong>medico-chirurgicae</strong></span> <span class='ocrx_word' id='word_1_104' title='bbox 1353 1952 1533 2026; x_wconf 90' lang='lat' dir='ltr'><strong>inter</strong></span> <span class='ocrx_word' id='word_1_105' title='bbox 1591 1953 1888 2028; x_wconf 87' lang='lat' dir='ltr'><strong>Batavos</strong></span> <span class='ocrx_word' id='word_1_106' title='bbox 1961 1952 2318 2029; x_wconf 86' lang='lat' dir='ltr'><strong>historiam</strong></span> <span class='ocrx_word' id='word_1_107' title='bbox 2383 1953 2850 2054; x_wconf 78' lang='lat' dir='ltr'><strong>perlustrarit3</strong></span> <span class='ocrx_word' id='word_1_108' title='bbox 2933 1955 3081 2029; x_wconf 78' lang='lat' dir='ltr'><strong>alta‘</strong></span> <span class='ocrx_word' id='word_1_109' title='bbox 3136 1961 3366 2028; x_wconf 87' lang='lat' dir='ltr'><strong>mente</strong></span> <span class='ocrx_word' id='word_1_110' title='bbox 3430 1954 3597 2027; x_wconf 86' lang='lat' dir='ltr'><strong>artis</strong></span> 
     </span>
     <span class='ocr_line' id='line_1_12' title="bbox 551 2068 3599 2174; baseline 0.001 -30"><span class='ocrx_word' id='word_1_111' title='bbox 551 2069 864 2144; x_wconf 87' lang='lat' dir='ltr'><strong>medicae</strong></span> <span class='ocrx_word' id='word_1_112' title='bbox 926 2070 1224 2145; x_wconf 87' lang='lat' dir='ltr'><strong>alumnis</strong></span> <span class='ocrx_word' id='word_1_113' title='bbox 1277 2068 1607 2145; x_wconf 87' lang='lat' dir='ltr'><strong>manebat</strong></span> <span class='ocrx_word' id='word_1_114' title='bbox 1654 2071 2070 2171; x_wconf 86' lang='lat' dir='ltr'><strong>repositum,</strong></span> <span class='ocrx_word' id='word_1_115' title='bbox 2135 2097 2275 2147; x_wconf 89' lang='lat' dir='ltr'><strong>non</strong></span> <span class='ocrx_word' id='word_1_116' title='bbox 2339 2074 2556 2147; x_wconf 88' lang='lat' dir='ltr'><strong>solam</strong></span> <span class='ocrx_word' id='word_1_117' title='bbox 2616 2080 2835 2149; x_wconf 74' lang='lat' dir='ltr'><strong>artem</strong></span> <span class='ocrx_word' id='word_1_118' title='bbox 2884 2075 3040 2174; x_wconf 88' lang='lat' dir='ltr'><strong>agi,</strong></span> <span class='ocrx_word' id='word_1_119' title='bbox 3100 2074 3225 2149; x_wconf 88' lang='lat' dir='ltr'><strong>sed</strong></span> <span class='ocrx_word' id='word_1_120' title='bbox 3277 2074 3487 2149; x_wconf 87' lang='lat' dir='ltr'><strong>vitam</strong></span> <span class='ocrx_word' id='word_1_121' title='bbox 3527 2079 3599 2147; x_wconf 91' lang='lat' dir='ltr'><strong>et</strong></span> 
     </span>
     <span class='ocr_line' id='line_1_13' title="bbox 549 2189 3601 2291; baseline 0 -26"><span class='ocrx_word' id='word_1_122' title='bbox 549 2189 920 2265; x_wconf 87' lang='lat' dir='ltr'><strong>sanitatem</strong></span> <span class='ocrx_word' id='word_1_123' title='bbox 991 2190 1452 2265; x_wconf 84' lang='lat' dir='ltr'><strong>laborantium</strong></span> <span class='ocrx_word' id='word_1_124' title='bbox 1476 2249 1495 2279; x_wconf 90' lang='lat'><em>‚</em></span> <span class='ocrx_word' id='word_1_125' title='bbox 1563 2214 1863 2289; x_wconf 89' lang='lat' dir='ltr'><strong>quorum</strong></span> <span class='ocrx_word' id='word_1_126' title='bbox 1933 2191 2066 2265; x_wconf 92' lang='lat' dir='ltr'><strong>sibi</strong></span> <span class='ocrx_word' id='word_1_127' title='bbox 2126 2217 2294 2267; x_wconf 89' lang='lat' dir='ltr'><strong>cura</strong></span> <span class='ocrx_word' id='word_1_128' title='bbox 2353 2200 2535 2266; x_wconf 89' lang='lat' dir='ltr'><strong>esset</strong></span> <span class='ocrx_word' id='word_1_129' title='bbox 2604 2191 2954 2266; x_wconf 87' lang='lat' dir='ltr'><strong>mandata.</strong></span> <span class='ocrx_word' id='word_1_130' title='bbox 3065 2192 3344 2289; x_wconf 89' lang='lat' dir='ltr'><strong>Neque·</strong></span> <span class='ocrx_word' id='word_1_131' title='bbox 3383 2191 3601 2291; x_wconf 88' lang='lat' dir='ltr'><strong>igitur</strong></span> 
     </span>
     <span class='ocr_line' id='line_1_14' title="bbox 545 2308 3597 2411; baseline 0.001 -28"><span class='ocrx_word' id='word_1_132' title='bbox 545 2309 684 2383; x_wconf 87' lang='lat' dir='ltr'><strong>sibi</strong></span> <span class='ocrx_word' id='word_1_133' title='bbox 727 2334 880 2383; x_wconf 88' lang='lat' dir='ltr'><strong>esse</strong></span> <span class='ocrx_word' id='word_1_134' title='bbox 919 2308 1188 2383; x_wconf 88' lang='lat' dir='ltr'><strong>licitum</strong></span> <span class='ocrx_word' id='word_1_135' title='bbox 1229 2317 1393 2383; x_wconf 86' lang='lat' dir='ltr'><strong>sunt</strong></span> <span class='ocrx_word' id='word_1_136' title='bbox 1425 2308 1774 2397; x_wconf 87' lang='lat' dir='ltr'><strong>arbitrati,</strong></span> <span class='ocrx_word' id='word_1_137' title='bbox 1825 2309 2138 2409; x_wconf 88' lang='lat' dir='ltr'><strong>neglecta</strong></span> <span class='ocrx_word' id='word_1_138' title='bbox 2181 2310 2290 2383; x_wconf 91' lang='lat' dir='ltr'><strong>vel</strong></span> <span class='ocrx_word' id='word_1_139' title='bbox 2330 2310 2562 2385; x_wconf 90' lang='lat' dir='ltr'><strong>minus</strong></span> <span class='ocrx_word' id='word_1_140' title='bbox 2598 2311 2915 2411; x_wconf 87' lang='lat' dir='ltr'><strong>religiose</strong></span> <span class='ocrx_word' id='word_1_141' title='bbox 2952 2320 3315 2411; x_wconf 89' lang='lat' dir='ltr'><strong>procurata</strong></span> <span class='ocrx_word' id='word_1_142' title='bbox 3340 2312 3597 2386; x_wconf 88' lang='lat' dir='ltr'><strong>civium</strong></span> 
     </span>
     <span class='ocr_line' id='line_1_15' title="bbox 543 2428 3597 2533; baseline 0.001 -29"><span class='ocrx_word' id='word_1_143' title='bbox 543 2444 615 2504; x_wconf 89' lang='lat' dir='ltr'><strong>et</strong></span> <span class='ocrx_word' id='word_1_144' title='bbox 681 2428 982 2504; x_wconf 82' lang='lat' dir='ltr'><strong>civitatis</strong></span> <span class='ocrx_word' id='word_1_145' title='bbox 1047 2430 1272 2505; x_wconf 85' lang='lat' dir='ltr'><strong>salute</strong></span> <span class='ocrx_word' id='word_1_146' title='bbox 1293 2489 1313 2519; x_wconf 89' lang='lat'><em>,</em></span> <span class='ocrx_word' id='word_1_147' title='bbox 1377 2430 1700 2505; x_wconf 86' lang='lat' dir='ltr'><strong>remediis</strong></span> <span class='ocrx_word' id='word_1_148' title='bbox 1741 2430 1846 2505; x_wconf 90' lang='lat' dir='ltr'><strong>uti</strong></span> <span class='ocrx_word' id='word_1_149' title='bbox 1897 2431 2211 2506; x_wconf 91' lang='lat' dir='ltr'><strong>nondum</strong></span> <span class='ocrx_word' id='word_1_150' title='bbox 2263 2431 2353 2505; x_wconf 84' lang='lat' dir='ltr'><strong>ab</strong></span> <span class='ocrx_word' id='word_1_151' title='bbox 2400 2432 2592 2506; x_wconf 90' lang='lat' dir='ltr'><strong>omni</strong></span> <span class='ocrx_word' id='word_1_152' title='bbox 2632 2441 2827 2532; x_wconf 89' lang='lat' dir='ltr'><strong>parte</strong></span> <span class='ocrx_word' id='word_1_153' title='bbox 2875 2433 3181 2533; x_wconf 84' lang='lat' dir='ltr'><strong>probatis</strong></span> <span class='ocrx_word' id='word_1_154' title='bbox 3232 2442 3303 2507; x_wconf 92' lang='lat' dir='ltr'><strong>et</strong></span> <span class='ocrx_word' id='word_1_155' title='bbox 3354 2431 3597 2507; x_wconf 84' lang='lat' dir='ltr'><strong>sufful-</strong></span> 
     </span>
     <span class='ocr_line' id='line_1_16' title="bbox 543 2532 3597 2651; baseline 0.001 -28"><span class='ocrx_word' id='word_1_156' title='bbox 543 2550 678 2639; x_wconf 83' lang='lat' dir='ltr'><strong>tis3</strong></span> <span class='ocrx_word' id='word_1_157' title='bbox 735 2574 878 2649; x_wconf 89' lang='lat' dir='ltr'><strong>qua</strong></span> <span class='ocrx_word' id='word_1_158' title='bbox 933 2532 1413 2650; x_wconf 75' lang='lat' dir='ltr'><strong>chii-argorum</strong></span> <span class='ocrx_word' id='word_1_159' title='bbox 1463 2550 1780 2651; x_wconf 88' lang='lat' dir='ltr'><strong>religiosa</strong></span> <span class='ocrx_word' id='word_1_160' title='bbox 1829 2558 1902 2625; x_wconf 89' lang='lat' dir='ltr'><strong>et</strong></span> <span class='ocrx_word' id='word_1_161' title='bbox 1954 2551 2158 2625; x_wconf 84' lang='lat' dir='ltr'><strong>anxia</strong></span> <span class='ocrx_word' id='word_1_162' title='bbox 2203 2576 2368 2626; x_wconf 91' lang='lat' dir='ltr'><strong>cura</strong></span> <span class='ocrx_word' id='word_1_163' title='bbox 2417 2551 2677 2627; x_wconf 81' lang='lat' dir='ltr'><strong>factum</strong></span> <span class='ocrx_word' id='word_1_164' title='bbox 2726 2560 2833 2627; x_wconf 92' lang='lat' dir='ltr'><strong>est</strong></span> <span class='ocrx_word' id='word_1_165' title='bbox 2852 2612 2871 2641; x_wconf 90' lang='lat'><strong>,</strong></span> <span class='ocrx_word' id='word_1_166' title='bbox 2924 2560 3006 2627; x_wconf 91' lang='lat' dir='ltr'><strong>ut</strong></span> <span class='ocrx_word' id='word_1_167' title='bbox 3045 2553 3341 2628; x_wconf 85' lang='lat' dir='ltr'><strong>funestis</strong></span> <span class='ocrx_word' id='word_1_168' title='bbox 3384 2551 3597 2627; x_wconf 89' lang='lat' dir='ltr'><strong>absti-</strong></span> 
     </span>
     <span class='ocr_line' id='line_1_17' title="bbox 541 2669 3596 2770; baseline 0.001 -25"><span class='ocrx_word' id='word_1_169' title='bbox 541 2669 908 2747; x_wconf 87' lang='lat' dir='ltr'><strong>nuerimus</strong></span> <span class='ocrx_word' id='word_1_170' title='bbox 975 2670 1321 2746; x_wconf 89' lang='lat' dir='ltr'><strong>erroribus</strong></span> <span class='ocrx_word' id='word_1_171' title='bbox 1341 2731 1361 2760; x_wconf 91' lang='lat'>‚</span> <span class='ocrx_word' id='word_1_172' title='bbox 1432 2671 1556 2770; x_wconf 90' lang='lat' dir='ltr'><strong>qui</strong></span> <span class='ocrx_word' id='word_1_173' title='bbox 1615 2697 1654 2745; x_wconf 90' lang='lat' dir='ltr'><strong>e</strong></span> <span class='ocrx_word' id='word_1_174' title='bbox 1715 2672 1930 2747; x_wconf 86' lang='lat' dir='ltr'><strong>nimia</strong></span> <span class='ocrx_word' id='word_1_175' title='bbox 1989 2670 2431 2749; x_wconf 86' lang='lat' dir='ltr'><strong>festinatione</strong></span> <span class='ocrx_word' id='word_1_176' title='bbox 2492 2674 2681 2749; x_wconf 87' lang='lat' dir='ltr'><strong>nasci</strong></span> <span class='ocrx_word' id='word_1_177' title='bbox 2739 2673 2961 2748; x_wconf 86' lang='lat' dir='ltr'><strong>solent</strong></span> <span class='ocrx_word' id='word_1_178' title='bbox 3006 2674 3279 2770; x_wconf 88' lang='lat' dir='ltr'><strong>artique</strong></span> <span class='ocrx_word' id='word_1_179' title='bbox 3323 2679 3596 2748; x_wconf 88' lang='lat' dir='ltr'><strong>nostrae</strong></span> 
     </span>
     <span class='ocr_line' id='line_1_18' title="bbox 539 2790 2041 2869; baseline 0.002 -4"><span class='ocrx_word' id='word_1_180' title='bbox 539 2790 855 2867; x_wconf 83' lang='lat' dir='ltr'><strong>maximo</strong></span> <span class='ocrx_word' id='word_1_181' title='bbox 911 2799 1078 2866; x_wconf 91' lang='lat' dir='ltr'><strong>sunt</strong></span> <span class='ocrx_word' id='word_1_182' title='bbox 1129 2791 1545 2867; x_wconf 89' lang='lat' dir='ltr'><strong>detrimento</strong></span> <span class='ocrx_word' id='word_1_183' title='bbox 1587 2800 1658 2867; x_wconf 90' lang='lat' dir='ltr'><strong>et</strong></span> <span class='ocrx_word' id='word_1_184' title='bbox 1705 2792 2041 2869; x_wconf 88' lang='lat' dir='ltr'><strong>dedecori.</strong></span> 
     </span>
     <span class='ocr_line' id='line_1_19' title="bbox 464 2910 3633 3014; baseline 0.001 -29"><span class='ocrx_word' id='word_1_185' title='bbox 464 2910 478 2915; x_wconf 82' lang='grc'><em>“</em></span> <span class='ocrx_word' id='word_1_186' title='bbox 641 2911 1142 2987; x_wconf 90' lang='lat' dir='ltr'><strong>Conditionem</strong></span> <span class='ocrx_word' id='word_1_187' title='bbox 1162 2970 1183 3001; x_wconf 88' lang='lat'><strong>,</strong></span> <span class='ocrx_word' id='word_1_188' title='bbox 1245 2912 1318 2987; x_wconf 92' lang='lat' dir='ltr'><strong>in</strong></span> <span class='ocrx_word' id='word_1_189' title='bbox 1392 2939 1532 3011; x_wconf 84' lang='lat' dir='ltr'><strong>qua</strong></span> <span class='ocrx_word' id='word_1_190' title='bbox 1595 2912 1942 3014; x_wconf 86' lang='lat' dir='ltr'><strong>chirurgia</strong></span> <span class='ocrx_word' id='word_1_191' title='bbox 2009 2914 2200 3013; x_wconf 85' lang='lat' dir='ltr'><strong>apud</strong></span> <span class='ocrx_word' id='word_1_192' title='bbox 2273 2920 2615 2990; x_wconf 86' lang='lat' dir='ltr'><strong>nostrates</strong></span> <span class='ocrx_word' id='word_1_193' title='bbox 2665 2920 2975 2989; x_wconf 87' lang='lat' dir='ltr'><strong>versetur</strong></span> <span class='ocrx_word' id='word_1_194' title='bbox 3044 2913 3557 3013; x_wconf 89' lang='lat' dir='ltr'><strong>pensitantibus</strong></span> <span class='ocrx_word' id='word_1_195' title='bbox 3577 2944 3633 3001; x_wconf 88' lang='grc'><strong>,·</strong></span> 
     </span>
     <span class='ocr_line' id='line_1_20' title="bbox 541 3032 3600 3135; baseline 0 -28"><span class='ocrx_word' id='word_1_196' title='bbox 541 3057 702 3107; x_wconf 85' lang='lat' dir='ltr'><strong>esse</strong></span> <span class='ocrx_word' id='word_1_197' title='bbox 774 3032 920 3107; x_wconf 85' lang='lat' dir='ltr'><strong>dixi</strong></span> <span class='ocrx_word' id='word_1_198' title='bbox 987 3058 1128 3131; x_wconf 93' lang='lat' dir='ltr'><strong>quo</strong></span> <span class='ocrx_word' id='word_1_199' title='bbox 1199 3034 1648 3124; x_wconf 84' lang='lat' dir='ltr'><strong>laetaremur3</strong></span> <span class='ocrx_word' id='word_1_200' title='bbox 1723 3036 1847 3110; x_wconf 90' lang='lat' dir='ltr'><strong>sed</strong></span> <span class='ocrx_word' id='word_1_201' title='bbox 1916 3061 2053 3110; x_wconf 92' lang='lat' dir='ltr'><strong>non</strong></span> <span class='ocrx_word' id='word_1_202' title='bbox 2131 3037 2427 3125; x_wconf 87' lang='lat' dir='ltr'><strong>desunt,</strong></span> <span class='ocrx_word' id='word_1_203' title='bbox 2498 3036 2798 3135; x_wconf 89' lang='lat' dir='ltr'><strong>ingenue</strong></span> <span class='ocrx_word' id='word_1_204' title='bbox 2866 3035 3054 3110; x_wconf 88' lang='lat' dir='ltr'><strong>enim</strong></span> <span class='ocrx_word' id='word_1_205' title='bbox 3118 3035 3346 3110; x_wconf 87' lang='lat' dir='ltr'><strong>dicam</strong></span> <span class='ocrx_word' id='word_1_206' title='bbox 3409 3035 3600 3132; x_wconf 90' lang='lat' dir='ltr'><strong>quod</strong></span> 
     </span>
     <span class='ocr_line' id='line_1_21' title="bbox 541 3151 3596 3255; baseline 0.001 -29"><span class='ocrx_word' id='word_1_207' title='bbox 541 3151 778 3226; x_wconf 90' lang='lat' dir='ltr'><strong>sentio</strong></span> <span class='ocrx_word' id='word_1_208' title='bbox 799 3211 820 3241; x_wconf 93' lang='lat'>‚</span> <span class='ocrx_word' id='word_1_209' title='bbox 891 3151 1152 3250; x_wconf 89' lang='lat' dir='ltr'><strong>quibus</strong></span> <span class='ocrx_word' id='word_1_210' title='bbox 1221 3155 1578 3230; x_wconf 89' lang='lat' dir='ltr'><strong>doleamus</strong></span> <span class='ocrx_word' id='word_1_211' title='bbox 1596 3215 1616 3244; x_wconf 94' lang='lat'>‚</span> <span class='ocrx_word' id='word_1_212' title='bbox 1699 3181 1877 3255; x_wconf 87' lang='lat' dir='ltr'><strong>quae</strong></span> <span class='ocrx_word' id='word_1_213' title='bbox 1946 3155 2417 3231; x_wconf 89' lang='lat' dir='ltr'><strong>desideramus</strong></span> <span class='ocrx_word' id='word_1_214' title='bbox 2472 3162 2543 3230; x_wconf 90' lang='lat' dir='ltr'><strong>et</strong></span> <span class='ocrx_word' id='word_1_215' title='bbox 2604 3164 3103 3254; x_wconf 86' lang='lat' dir='ltr'><strong>exspectamus.</strong></span> <span class='ocrx_word' id='word_1_216' title='bbox 3204 3157 3293 3229; x_wconf 94' lang='lat' dir='ltr'><strong>In</strong></span> <span class='ocrx_word' id='word_1_217' title='bbox 3352 3154 3596 3252; x_wconf 91' lang='lat' dir='ltr'><strong>primis</strong></span> 
     </span>
     <span class='ocr_line' id='line_1_22' title="bbox 535 3271 3587 3376; baseline 0.002 -33"><span class='ocrx_word' id='word_1_218' title='bbox 535 3271 1099 3372; x_wconf 74' lang='lat' dir='ltr'><strong>impedimentiS‚</strong></span> <span class='ocrx_word' id='word_1_219' title='bbox 1187 3272 1447 3372; x_wconf 90' lang='lat' dir='ltr'><strong>quibus</strong></span> <span class='ocrx_word' id='word_1_220' title='bbox 1522 3275 1828 3376; x_wconf 81' lang='lat' dir='ltr'><strong>chirurgi</strong></span> <span class='ocrx_word' id='word_1_221' title='bbox 1888 3276 2026 3350; x_wconf 88' lang='lat' dir='ltr'><strong>acri</strong></span> <span class='ocrx_word' id='word_1_222' title='bbox 2103 3276 2336 3350; x_wconf 87' lang='lat' dir='ltr'><strong>studio</strong></span> <span class='ocrx_word' id='word_1_223' title='bbox 2403 3283 2851 3375; x_wconf 89' lang='lat' dir='ltr'><strong>properantes</strong></span> <span class='ocrx_word' id='word_1_224' title='bbox 2916 3275 3354 3350; x_wconf 88' lang='lat' dir='ltr'><strong>retardantur</strong></span> <span class='ocrx_word' id='word_1_225' title='bbox 3372 3332 3392 3361; x_wconf 91' lang='lat'>‚</span> <span class='ocrx_word' id='word_1_226' title='bbox 3466 3298 3587 3348; x_wconf 89' lang='lat' dir='ltr'><strong>no·</strong></span> 
     </span>
     <span class='ocr_line' id='line_1_23' title="bbox 539 3390 3595 3494; baseline 0 -29"><span class='ocrx_word' id='word_1_227' title='bbox 539 3393 734 3466; x_wconf 88' lang='lat' dir='ltr'><strong>mina</strong></span> <span class='ocrx_word' id='word_1_228' title='bbox 743 3390 955 3466; x_wconf 84' lang='lat' dir='ltr'><strong>verim</strong></span> <span class='ocrx_word' id='word_1_229' title='bbox 1016 3392 1524 3468; x_wconf 89' lang='lat' dir='ltr'><strong>institutionem</strong></span> <span class='ocrx_word' id='word_1_230' title='bbox 1593 3395 1908 3470; x_wconf 90' lang='lat' dir='ltr'><strong>clinicam</strong></span> <span class='ocrx_word' id='word_1_231' title='bbox 1969 3395 2044 3469; x_wconf 90' lang='lat' dir='ltr'><strong>in</strong></span> <span class='ocrx_word' id='word_1_232' title='bbox 2110 3402 2344 3470; x_wconf 85' lang='lat' dir='ltr'><strong>nostra</strong></span> <span class='ocrx_word' id='word_1_233' title='bbox 2418 3394 2641 3493; x_wconf 88' lang='lat' dir='ltr'><strong>patria</strong></span> <span class='ocrx_word' id='word_1_234' title='bbox 2702 3393 2912 3469; x_wconf 90' lang='lat' dir='ltr'><strong>nimis</strong></span> <span class='ocrx_word' id='word_1_235' title='bbox 2964 3392 3283 3494; x_wconf 87' lang='lat' dir='ltr'><strong>angustis</strong></span> <span class='ocrx_word' id='word_1_236' title='bbox 3332 3391 3595 3466; x_wconf 90' lang='lat' dir='ltr'><strong>finibus</strong></span> 
     </span>
     <span class='ocr_line' id='line_1_24' title="bbox 539 3511 3594 3612; baseline 0 -26"><span class='ocrx_word' id='word_1_237' title='bbox 539 3536 692 3586; x_wconf 88' lang='lat' dir='ltr'><strong>esse</strong></span> <span class='ocrx_word' id='word_1_238' title='bbox 779 3511 1406 3612; x_wconf 88' lang='lat' dir='ltr'><strong>circumscriptam;</strong></span> <span class='ocrx_word' id='word_1_239' title='bbox 1473 3515 1864 3589; x_wconf 87' lang='lat' dir='ltr'><strong>nosocomia</strong></span> <span class='ocrx_word' id='word_1_240' title='bbox 1926 3514 2210 3588; x_wconf 87' lang='lat' dir='ltr'><strong>minoris</strong></span> <span class='ocrx_word' id='word_1_241' title='bbox 2252 3515 2589 3589; x_wconf 89' lang='lat' dir='ltr'><strong>momenti</strong></span> <span class='ocrx_word' id='word_1_242' title='bbox 2636 3539 2785 3589; x_wconf 89' lang='lat' dir='ltr'><strong>esse</strong></span> <span class='ocrx_word' id='word_1_243' title='bbox 2839 3522 2910 3588; x_wconf 90' lang='lat' dir='ltr'><strong>et</strong></span> <span class='ocrx_word' id='word_1_244' title='bbox 2974 3512 3283 3589; x_wconf 89' lang='lat' dir='ltr'><strong>ambitus</strong></span> <span class='ocrx_word' id='word_1_245' title='bbox 3310 3571 3329 3600; x_wconf 90' lang='lat'>,</span> <span class='ocrx_word' id='word_1_246' title='bbox 3381 3537 3594 3611; x_wconf 88' lang='lat' dir='ltr'><strong>quam</strong></span> 
     </span>
     <span class='ocr_line' id='line_1_25' title="bbox 539 3631 3594 3735; baseline 0 -30"><span class='ocrx_word' id='word_1_247' title='bbox 539 3657 726 3730; x_wconf 74' lang='lat' dir='ltr'><strong>quae</strong></span> <span class='ocrx_word' id='word_1_248' title='bbox 768 3632 1194 3706; x_wconf 89' lang='lat' dir='ltr'><strong>institutioni</strong></span> <span class='ocrx_word' id='word_1_249' title='bbox 1237 3634 1546 3709; x_wconf 85' lang='lat' dir='ltr'><strong>medicae</strong></span> <span class='ocrx_word' id='word_1_250' title='bbox 1591 3636 1796 3735; x_wconf 91' lang='lat' dir='ltr'><strong>plane</strong></span> <span class='ocrx_word' id='word_1_251' title='bbox 1844 3635 2205 3710; x_wconf 90' lang='lat' dir='ltr'><strong>sufficiant.</strong></span> <span class='ocrx_word' id='word_1_252' title='bbox 2301 3635 2584 3709; x_wconf 85' lang='lat' dir='ltr'><strong>Mutata</strong></span> <span class='ocrx_word' id='word_1_253' title='bbox 2625 3641 2695 3709; x_wconf 89' lang='lat' dir='ltr'><strong>et</strong></span> <span class='ocrx_word' id='word_1_254' title='bbox 2746 3633 3114 3708; x_wconf 86' lang='lat' dir='ltr'><strong>emendata</strong></span> <span class='ocrx_word' id='word_1_255' title='bbox 3154 3631 3594 3706; x_wconf 90' lang='lat' dir='ltr'><strong>institutione</strong></span> 
     </span>
     <span class='ocr_line' id='line_1_26' title="bbox 538 3751 3591 3854; baseline 0 -29"><span class='ocrx_word' id='word_1_256' title='bbox 538 3751 792 3826; x_wconf 87' lang='lat' dir='ltr'><strong>clinica</strong></span> <span class='ocrx_word' id='word_1_257' title='bbox 857 3775 1033 3850; x_wconf 91' lang='lat' dir='ltr'><strong>opus</strong></span> <span class='ocrx_word' id='word_1_258' title='bbox 1101 3777 1252 3826; x_wconf 89' lang='lat' dir='ltr'><strong>esse</strong></span> <span class='ocrx_word' id='word_1_259' title='bbox 1328 3777 1550 3852; x_wconf 89' lang='lat' dir='ltr'><strong>quum</strong></span> <span class='ocrx_word' id='word_1_260' title='bbox 1624 3754 1978 3854; x_wconf 79' lang='lat' dir='ltr'><strong>peritiores</strong></span> <span class='ocrx_word' id='word_1_261' title='bbox 2044 3755 2306 3854; x_wconf 91' lang='lat' dir='ltr'><strong>quique</strong></span> <span class='ocrx_word' id='word_1_262' title='bbox 2389 3755 2812 3844; x_wconf 88' lang='lat' dir='ltr'><strong>concedant,</strong></span> <span class='ocrx_word' id='word_1_263' title='bbox 2894 3761 3047 3828; x_wconf 90' lang='lat' dir='ltr'><strong>tum</strong></span> <span class='ocrx_word' id='word_1_264' title='bbox 3122 3753 3309 3828; x_wconf 85' lang='lat' dir='ltr'><strong>vario</strong></span> <span class='ocrx_word' id='word_1_265' title='bbox 3384 3752 3591 3827; x_wconf 88' lang='lat' dir='ltr'><strong>modo</strong></span> 
     </span>
     <span class='ocr_line' id='line_1_27' title="bbox 541 3872 3589 3974; baseline 0.001 -28"><span class='ocrx_word' id='word_1_266' title='bbox 541 3873 716 3947; x_wconf 89' lang='lat' dir='ltr'><strong>varii</strong></span> <span class='ocrx_word' id='word_1_267' title='bbox 769 3873 1000 3947; x_wconf 88' lang='lat' dir='ltr'><strong>conati</strong></span> <span class='ocrx_word' id='word_1_268' title='bbox 1045 3878 1210 3947; x_wconf 89' lang='lat' dir='ltr'><strong>sunt</strong></span> <span class='ocrx_word' id='word_1_269' title='bbox 1253 3874 1620 3949; x_wconf 89' lang='lat' dir='ltr'><strong>emendare</strong></span> <span class='ocrx_word' id='word_1_270' title='bbox 1671 3875 1861 3974; x_wconf 89' lang='lat' dir='ltr'><strong>quod</strong></span> <span class='ocrx_word' id='word_1_271' title='bbox 1910 3874 2236 3950; x_wconf 89' lang='lat' dir='ltr'><strong>vitiosum</strong></span> <span class='ocrx_word' id='word_1_272' title='bbox 2256 3933 2275 3963; x_wconf 89' lang='lat'>‚</span> <span class='ocrx_word' id='word_1_273' title='bbox 2337 3900 2697 3964; x_wconf 88' lang='lat' dir='ltr'><strong>mancum,</strong></span> <span class='ocrx_word' id='word_1_274' title='bbox 2767 3875 3087 3974; x_wconf 91' lang='lat' dir='ltr'><strong>ineptum</strong></span> <span class='ocrx_word' id='word_1_275' title='bbox 3130 3898 3281 3947; x_wconf 91' lang='lat' dir='ltr'><strong>esse</strong></span> <span class='ocrx_word' id='word_1_276' title='bbox 3336 3872 3589 3948; x_wconf 86' lang='lat' dir='ltr'><strong>clama-</strong></span> 
     </span>
     <span class='ocr_line' id='line_1_28' title="bbox 539 3994 3587 4095; baseline 0 -30"><span class='ocrx_word' id='word_1_277' title='bbox 539 4002 712 4066; x_wconf 89' lang='lat' dir='ltr'><strong>runt</strong></span> <span class='ocrx_word' id='word_1_278' title='bbox 769 4015 1012 4066; x_wconf 90' lang='lat' dir='ltr'><strong>omnes</strong></span> <span class='ocrx_word' id='word_1_279' title='bbox 1061 3999 1136 4065; x_wconf 90' lang='lat' dir='ltr'><strong>et</strong></span> <span class='ocrx_word' id='word_1_280' title='bbox 1194 3994 1477 4068; x_wconf 79' lang='lat' dir='ltr'><strong>fuerunt</strong></span> <span class='ocrx_word' id='word_1_281' title='bbox 1519 3995 1899 4094; x_wconf 88' lang='lat' dir='ltr'><strong>conquesti.</strong></span> <span class='ocrx_word' id='word_1_282' title='bbox 1999 3997 2236 4094; x_wconf 89' lang='lat' dir='ltr'><strong>Atque</strong></span> <span class='ocrx_word' id='word_1_283' title='bbox 2282 3996 2485 4070; x_wconf 89' lang='lat' dir='ltr'><strong>velim</strong></span> <span class='ocrx_word' id='word_1_284' title='bbox 2531 3997 2671 4070; x_wconf 91' lang='lat' dir='ltr'><strong>imo</strong></span> <span class='ocrx_word' id='word_1_285' title='bbox 2712 4002 2985 4095; x_wconf 90' lang='lat' dir='ltr'><strong>pectore</strong></span> <span class='ocrx_word' id='word_1_286' title='bbox 3033 4015 3271 4067; x_wconf 90' lang='lat' dir='ltr'><strong>omnes</strong></span> <span class='ocrx_word' id='word_1_287' title='bbox 3310 4016 3587 4090; x_wconf 90' lang='lat' dir='ltr'><strong>persen-</strong></span> 
     </span>
     <span class='ocr_line' id='line_1_29' title="bbox 539 4111 3586 4214; baseline 0 -30"><span class='ocrx_word' id='word_1_288' title='bbox 539 4112 841 4199; x_wconf 69' lang='lat' dir='ltr'><strong>tiscunt,</strong></span> <span class='ocrx_word' id='word_1_289' title='bbox 911 4119 1212 4209; x_wconf 84' lang='lat' dir='ltr'><strong>quantae</strong></span> <span class='ocrx_word' id='word_1_290' title='bbox 1278 4113 1446 4188; x_wconf 89' lang='lat' dir='ltr'><strong>haec</strong></span> <span class='ocrx_word' id='word_1_291' title='bbox 1510 4139 1620 4189; x_wconf 90' lang='lat' dir='ltr'><strong>res</strong></span> <span class='ocrx_word' id='word_1_292' title='bbox 1687 4115 1777 4188; x_wconf 90' lang='lat' dir='ltr'><strong>sit</strong></span> <span class='ocrx_word' id='word_1_293' title='bbox 1839 4114 2213 4214; x_wconf 86' lang='lat' dir='ltr'><strong>gravitatis.</strong></span> <span class='ocrx_word' id='word_1_294' title='bbox 2315 4115 2404 4188; x_wconf 90' lang='lat' dir='ltr'><strong>In</strong></span> <span class='ocrx_word' id='word_1_295' title='bbox 2464 4115 2898 4188; x_wconf 86' lang='lat' dir='ltr'><strong>institutione</strong></span> <span class='ocrx_word' id='word_1_296' title='bbox 2958 4113 3203 4187; x_wconf 88' lang='lat' dir='ltr'><strong>clinica</strong></span> <span class='ocrx_word' id='word_1_297' title='bbox 3254 4111 3586 4185; x_wconf 90' lang='lat' dir='ltr'><strong>nimirum</strong></span> 
     </span>
     <span class='ocr_line' id='line_1_30' title="bbox 541 4230 3589 4333; baseline -0 -29"><span class='ocrx_word' id='word_1_298' title='bbox 541 4230 890 4306; x_wconf 85' lang='lat' dir='ltr'><strong>tradenda</strong></span> <span class='ocrx_word' id='word_1_299' title='bbox 911 4289 931 4319; x_wconf 89' lang='lat'>‚</span> <span class='ocrx_word' id='word_1_300' title='bbox 999 4231 1402 4331; x_wconf 88' lang='lat' dir='ltr'><strong>disciplinae</strong></span> <span class='ocrx_word' id='word_1_301' title='bbox 1465 4233 2190 4333; x_wconf 85' lang='lat' dir='ltr'><strong>medico-chirurgicae</strong></span> <span class='ocrx_word' id='word_1_302' title='bbox 2257 4232 2465 4307; x_wconf 90' lang='lat' dir='ltr'><strong>cardo</strong></span> <span class='ocrx_word' id='word_1_303' title='bbox 2534 4242 2641 4307; x_wconf 88' lang='lat' dir='ltr'><strong>est</strong></span> <span class='ocrx_word' id='word_1_304' title='bbox 2708 4233 2997 4332; x_wconf 89' lang='lat' dir='ltr'><strong>positus.</strong></span> <span class='ocrx_word' id='word_1_305' title='bbox 3099 4233 3261 4310; x_wconf 88' lang='lat' dir='ltr'><strong>Quo</strong></span> <span class='ocrx_word' id='word_1_306' title='bbox 3334 4230 3589 4304; x_wconf 87' lang='lat' dir='ltr'><strong>maiore</strong></span> 
     </span>
     <span class='ocr_line' id='line_1_31' title="bbox 539 4349 3585 4453; baseline -0.001 -27"><span class='ocrx_word' id='word_1_307' title='bbox 539 4351 1026 4451; x_wconf 86' lang='lat' dir='ltr'><strong>exemplorum</strong></span> <span class='ocrx_word' id='word_1_308' title='bbox 1090 4376 1380 4428; x_wconf 90' lang='lat' dir='ltr'><strong>numero</strong></span> <span class='ocrx_word' id='word_1_309' title='bbox 1449 4353 1776 4428; x_wconf 87' lang='lat' dir='ltr'><strong>discentis</strong></span> <span class='ocrx_word' id='word_1_310' title='bbox 1839 4360 2135 4453; x_wconf 88' lang='lat' dir='ltr'><strong>augetur</strong></span> <span class='ocrx_word' id='word_1_311' title='bbox 2197 4352 2620 4452; x_wconf 85' lang='lat' dir='ltr'><strong>experientia</strong></span> <span class='ocrx_word' id='word_1_312' title='bbox 2672 4361 2743 4426; x_wconf 92' lang='lat' dir='ltr'><strong>et</strong></span> <span class='ocrx_word' id='word_1_313' title='bbox 2813 4355 3165 4427; x_wconf 86' lang='lat' dir='ltr'><strong>acuuntur</strong></span> <span class='ocrx_word' id='word_1_314' title='bbox 3229 4349 3410 4424; x_wconf 89' lang='lat' dir='ltr'><strong>oculi</strong></span> <span class='ocrx_word' id='word_1_315' title='bbox 3431 4406 3453 4438; x_wconf 88' lang='lat'>,</span> <span class='ocrx_word' id='word_1_316' title='bbox 3504 4373 3585 4423; x_wconf 90' lang='lat' dir='ltr'><strong>eo</strong></span> 
     </span>
     <span class='ocr_line' id='line_1_32' title="bbox 537 4468 3584 4573; baseline -0.001 -27"><span class='ocrx_word' id='word_1_317' title='bbox 537 4470 1014 4546; x_wconf 88' lang='lat' dir='ltr'><strong>confidentius</strong></span> <span class='ocrx_word' id='word_1_318' title='bbox 1075 4496 1346 4570; x_wconf 87' lang='lat' dir='ltr'><strong>sperare</strong></span> <span class='ocrx_word' id='word_1_319' title='bbox 1409 4498 1782 4573; x_wconf 90' lang='lat' dir='ltr'><strong>possumus</strong></span> <span class='ocrx_word' id='word_1_320' title='bbox 1847 4472 1991 4548; x_wconf 85' lang='lat' dir='ltr'><strong>fore</strong></span> <span class='ocrx_word' id='word_1_321' title='bbox 2057 4478 2138 4546; x_wconf 91' lang='lat' dir='ltr'><strong>ut</strong></span> <span class='ocrx_word' id='word_1_322' title='bbox 2202 4479 2423 4546; x_wconf 86' lang='lat' dir='ltr'><strong>artem</strong></span> <span class='ocrx_word' id='word_1_323' title='bbox 2447 4530 2466 4559; x_wconf 89' lang='lat'>‚</span> <span class='ocrx_word' id='word_1_324' title='bbox 2535 4496 2676 4570; x_wconf 88' lang='lat' dir='ltr'><strong>quo</strong></span> <span class='ocrx_word' id='word_1_325' title='bbox 2720 4471 2975 4546; x_wconf 89' lang='lat' dir='ltr'><strong>civium</strong></span> <span class='ocrx_word' id='word_1_326' title='bbox 3033 4469 3240 4544; x_wconf 88' lang='lat' dir='ltr'><strong>saluti</strong></span> <span class='ocrx_word' id='word_1_327' title='bbox 3283 4475 3355 4542; x_wconf 91' lang='lat' dir='ltr'><strong>et</strong></span> <span class='ocrx_word' id='word_1_328' title='bbox 3406 4468 3584 4544; x_wconf 86' lang='lat' dir='ltr'><strong>vitae</strong></span> 
     </span>
     <span class='ocr_line' id='line_1_33' title="bbox 540 4589 3587 4694; baseline -0 -29"><span class='ocrx_word' id='word_1_329' title='bbox 540 4590 1004 4692; x_wconf 89' lang='lat' dir='ltr'><strong>prospicitur,</strong></span> <span class='ocrx_word' id='word_1_330' title='bbox 1075 4592 1204 4666; x_wconf 88' lang='lat' dir='ltr'><strong>rite</strong></span> <span class='ocrx_word' id='word_1_331' title='bbox 1221 4652 1241 4681; x_wconf 91' lang='lat'>‚</span> <span class='ocrx_word' id='word_1_332' title='bbox 1316 4602 1518 4670; x_wconf 83' lang='lat' dir='ltr'><strong>caute</strong></span> <span class='ocrx_word' id='word_1_333' title='bbox 1585 4602 1658 4668; x_wconf 89' lang='lat' dir='ltr'><strong>et</strong></span> <span class='ocrx_word' id='word_1_334' title='bbox 1721 4595 2212 4694; x_wconf 89' lang='lat' dir='ltr'><strong>circumspecte</strong></span> <span class='ocrx_word' id='word_1_335' title='bbox 2277 4600 2606 4667; x_wconf 86' lang='lat' dir='ltr'><strong>exerceat.</strong></span> <span class='ocrx_word' id='word_1_336' title='bbox 2728 4591 2871 4665; x_wconf 93' lang='lat' dir='ltr'><strong>Ubi</strong></span> <span class='ocrx_word' id='word_1_337' title='bbox 2938 4590 3170 4666; x_wconf 90' lang='lat' dir='ltr'><strong>sordet</strong></span> <span class='ocrx_word' id='word_1_338' title='bbox 3240 4589 3587 4664; x_wconf 88' lang='lat' dir='ltr'><strong>institutio</strong></span> 
     </span>
     <span class='ocr_line' id='line_1_34' title="bbox 541 4709 3583 4812; baseline 0 -28"><span class='ocrx_word' id='word_1_339' title='bbox 541 4711 836 4799; x_wconf 87' lang='lat' dir='ltr'><strong>clinica,</strong></span> <span class='ocrx_word' id='word_1_340' title='bbox 933 4711 1034 4784; x_wconf 91' lang='lat' dir='ltr'><strong>ibi</strong></span> <span class='ocrx_word' id='word_1_341' title='bbox 1118 4713 1324 4788; x_wconf 85' lang='lat' dir='ltr'><strong>saluti</strong></span> <span class='ocrx_word' id='word_1_342' title='bbox 1411 4714 1666 4790; x_wconf 91' lang='lat' dir='ltr'><strong>civium</strong></span> <span class='ocrx_word' id='word_1_343' title='bbox 1745 4714 1979 4788; x_wconf 88' lang='lat' dir='ltr'><strong>minus</strong></span> <span class='ocrx_word' id='word_1_344' title='bbox 2053 4714 2233 4788; x_wconf 88' lang='lat' dir='ltr'><strong>bene</strong></span> <span class='ocrx_word' id='word_1_345' title='bbox 2307 4718 2749 4812; x_wconf 90' lang='lat' dir='ltr'><strong>prospectum</strong></span> <span class='ocrx_word' id='word_1_346' title='bbox 2826 4718 2897 4784; x_wconf 91' lang='lat' dir='ltr'><strong>et</strong></span> <span class='ocrx_word' id='word_1_347' title='bbox 2969 4710 3059 4786; x_wconf 94' lang='lat' dir='ltr'><strong>ab</strong></span> <span class='ocrx_word' id='word_1_348' title='bbox 3136 4709 3266 4785; x_wconf 87' lang='lat' dir='ltr'><strong>hac</strong></span> <span class='ocrx_word' id='word_1_349' title='bbox 3340 4709 3583 4808; x_wconf 79' lang='lat' dir='ltr'><strong>saltem</strong></span> 
     </span>
     <span class='ocr_line' id='line_1_35' title="bbox 537 4831 3584 4934; baseline -0 -28"><span class='ocrx_word' id='word_1_350' title='bbox 537 4841 746 4931; x_wconf 85' lang='lat' dir='ltr'><strong>parte</strong></span> <span class='ocrx_word' id='word_1_351' title='bbox 819 4855 958 4906; x_wconf 92' lang='lat' dir='ltr'><strong>non</strong></span> <span class='ocrx_word' id='word_1_352' title='bbox 1030 4839 1136 4908; x_wconf 87' lang='lat' dir='ltr'><strong>est</strong></span> <span class='ocrx_word' id='word_1_353' title='bbox 1210 4834 1564 4932; x_wconf 89' lang='lat' dir='ltr'><strong>provisum</strong></span> <span class='ocrx_word' id='word_1_354' title='bbox 1584 4893 1604 4925; x_wconf 90' lang='lat'>‚</span> <span class='ocrx_word' id='word_1_355' title='bbox 1689 4851 1776 4909; x_wconf 88' lang='lat' dir='ltr'><strong>ne</strong></span> <span class='ocrx_word' id='word_1_356' title='bbox 1852 4833 2040 4934; x_wconf 85' lang='lat' dir='ltr'><strong>quid</strong></span> <span class='ocrx_word' id='word_1_357' title='bbox 2122 4832 2510 4931; x_wconf 88' lang='lat' dir='ltr'><strong>respublica</strong></span> <span class='ocrx_word' id='word_1_358' title='bbox 2578 4831 2976 4909; x_wconf 89' lang='lat' dir='ltr'><strong>detrimenti</strong></span> <span class='ocrx_word' id='word_1_359' title='bbox 3046 4831 3292 4932; x_wconf 85' lang='lat' dir='ltr'><strong>capiat.</strong></span> <span class='ocrx_word' id='word_1_360' title='bbox 3412 4831 3584 4905; x_wconf 90' lang='lat' dir='ltr'><strong>Om-</strong></span> 
     </span>
    </p>
   </div>
  </div>
 </body>
</html>
