4766 6034
1878 638 2438 710 ORATIO.
3539 646 3667 715 181

638 845 801 921 ralis
870 845 1219 923 doctores:
1277 844 1432 921 iura
1482 843 1739 945 quibus
1792 847 2035 947 populi
2090 853 2389 937 utuntur
2433 870 2811 950 eorumque
2862 849 3214 925 historiam
3267 874 3430 927 cum
3483 850 3661 927 ideis

636 965 808 1041 iuris
826 1022 847 1053 ,
896 990 1075 1066 quae
1116 966 1307 1065 ipsae
1350 988 1479 1065 per
1518 988 1597 1039 se
1640 974 1987 1065 spectatae
2024 967 2290 1044 nullam
2336 968 2695 1074 obligandi
2726 968 2867 1045 vim
2910 968 3209 1058 habent,
3260 970 3383 1045 sed
3421 976 3657 1047 tamen

636 1091 972 1189 perpetuo
1039 1085 1343 1163 animare
1359 1142 1383 1175 ,
1450 1084 1823 1185 corrigere,
1884 1086 2208 1187 perficere
2258 1087 2580 1165 instituta
2627 1087 2954 1189 legesque
3001 1088 3278 1166 debent.
3389 1091 3660 1167 Eadem

635 1204 790 1280 luce
835 1205 1087 1301 clarius
1135 1204 1475 1293 ostendit,
1534 1228 1675 1305 non
1718 1205 1988 1281 coelum
2031 1206 2256 1306 magis
2294 1232 2338 1282 a
2382 1214 2566 1285 terra
2613 1208 2868 1283 distare
2909 1232 3120 1307 quam
3156 1208 3658 1285 emendationis

638 1324 951 1399 studium
1018 1350 1059 1401 a
1116 1348 1348 1399 rerum
1414 1346 1751 1400 novarum
1812 1326 2139 1425 cupidine
2197 1327 2792 1427 meretriciamque
2854 1328 3211 1403 Gallorum
3267 1327 3656 1403 libertatem

552 1538 561 1549 ι
634 1470 678 1519 a
736 1443 1046 1543 virginea
1098 1443 1217 1518 illa
1277 1442 1479 1519 cuius
1538 1443 1915 1544 imaginem
1974 1444 2265 1521 maiores
2315 1446 2535 1521 nostri
2577 1447 2902 1555 nummis·
2939 1448 3082 1522 suis
3133 1455 3656 1548 expresserunt,

636 1569 719 1636 ut
773 1588 860 1637 ex
917 1562 1047 1639 hoc
1114 1561 1315 1661 sig'no
1371 1586 1497 1663 per
1558 1568 1787 1639 totum
1842 1570 2181 1640 terrarum
2244 1564 2485 1641 orbem
2545 1566 2872 1643 omnibus
2926 1574 3308 1657 constaret,
3377 1568 3655 1667 qualem

633 1682 972 1759 libertatis
1042 1704 1271 1757 sacrae
1338 1680 1695 1783 civilisque
1745 1683 2044 1783 speciem
2093 1686 2514 1763 Neerlandia
2575 1711 2740 1787 prae
2784 1687 3052 1763 cunctis
3115 1687 3268 1764 aliis
3325 1687 3655 1788 gentibus

635 1801 771 1875 sibi
846 1801 1181 1877 finxisset.
1302 1800 1509 1876 Hanc
1580 1803 1797 1879 colere
1867 1810 2080 1904 atque
2150 1807 2452 1883 excolere
2526 1806 2874 1883 Honoras
2943 1809 3218 1883 Gnoru
3295 1808 3658 1907 populares

635 1921 852 1997 decet.
952 1918 1151 1995 Haec
1197 1918 1383 1995 enim
1437 1919 1773 2022 principia
1816 1946 1957 1999 non
1997 1923 2209 2021 ducta
2249 1949 2294 2000 a
2330 1926 2594 2001 mancis
2635 1926 2772 2003 illis
2805 1928 3162 2004 Gallorum
3200 1928 3660 2004 recentiorum

635 2040 723 2114 de
780 2038 1097 2114 libertate
1115 2095 1136 2128 ‚
1200 2037 1661 2132 fraternitate,
1722 2042 2137 2141 aequalitate
2192 2043 2485 2120 decretis
2532 2054 2699 2121 sunt
2716 2104 2738 2136 ,
2789 2046 2912 2123 sed
2963 2072 3008 2123 a
3052 2047 3246 2149 puris
3263 2105 3287 2138 ,
3336 2046 3617 2123 sinceris
3635 2106 3656 2135 ,

634 2158 1051 2234 sublimibus
1070 2215 1091 2247 ‚
1162 2157 1591 2259 simplicibus
1656 2160 2088 2237 Christianae
2142 2163 2492 2264 religionis
2556 2166 2937 2267 praeceptis
2955 2224 2976 2255 ,
3037 2190 3220 2265 quae
3271 2165 3662 2242 incredibili

632 2302 863 2355 amore
908 2277 1269 2377 amplexus
1294 2266 1505 2377 atque
1534 2278 1883 2379 professus
1908 2280 2155 2358 fuisset
2179 2290 2490 2359 veterum
2522 2282 3084 2383 philosophorum
3127 2284 3433 2384 optimus
3471 2284 3658 2383 quis-

633 2421 771 2497 que
784 2454 805 2485 ,
873 2396 1287 2473 recentiores
1361 2422 1521 2473 vero
1581 2400 1831 2499 grandi
1900 2402 2263 2503 supercilio
2338 2402 2846 2503 despexerunt,
2919 2427 3168 2503 parum
3233 2404 3659 2503 suspicantes

633 2540 872 2592 verum
891 2574 913 2606 ,
962 2517 1153 2615 quod
1203 2516 1277 2591 in
1324 2516 1637 2616 ipsorum
1688 2520 2031 2597 erroribus
2075 2521 2356 2613 lateret,
2405 2522 2610 2598 unice
2657 2521 2794 2597 illis
2845 2545 2998 2597 esse
3037 2520 3510 2598 tribuendum.

729 2636 979 2711 Dicam
1025 2636 1216 2734 quod
1259 2636 1503 2713 sentio.
1600 2638 1985 2739 Religionis
2028 2641 2462 2719 Christianae
2497 2641 2835 2743 principia
2869 2666 3051 2741 quae
3083 2642 3175 2750 ad
3209 2642 3659 2717 recreandum

634 2762 707 2829 et
746 2753 1297 2853 regenerandum
1343 2777 1568 2853 genus
1615 2754 2002 2835 humanum
2041 2759 2388 2837 destinata
2425 2767 2533 2835 est
2553 2818 2574 2850 ‚
2621 2760 3023 2837 incredibile
3067 2759 3262 2836 dictu
3301 2768 3408 2838 est
3441 2786 3659 2861 quan-

634 2881 789 2948 tum
833 2873 926 2948 ad
974 2872 1513 2973 regenerandam
1556 2873 2063 2976 philosophiam
2104 2885 2176 2955 et
2228 2877 2500 2979 possint
2541 2884 2614 2953 et
2657 2876 2954 2955 debeant
2995 2878 3280 2955 efficere.

732 3350 981 3426 Restat
1053 3358 1133 3426 ut
1188 3375 1273 3428 ea
1331 3373 1643 3428 enarrem
1662 3407 1683 3442 ,
1748 3375 1929 3452 quae
1991 3354 2122 3429 hoc
2142 3412 2163 3444 ‚
2210 3355 2360 3452 ,qui
2412 3353 2681 3430 effluxit
2697 3411 2719 3446 ,
2785 3377 2966 3450 anno
3025 3355 3188 3434 huic
3243 3356 3656 3432 Academiae

632 3467 1049 3546 acciderunt.
1118 3470 1504 3572 Utramque
1544 3477 1796 3548 sortem
1815 3527 1838 3566 ,
1882 3480 1966 3548 ut
2000 3473 2151 3550 fieri
2191 3473 2363 3550 solet
2376 3533 2400 3565 ‚
2437 3481 2718 3575 experta
2741 3482 2868 3552 est.
2934 3476 3001 3551 A
3033 3475 3350 3551 tristibus
3376 3475 3658 3552 initium

629 3587 1049 3673 facientibus
1108 3589 1790 3667 commemorandum
1852 3599 1960 3668 est
2014 3592 2434 3669 Academiae
2496 3601 2636 3668 tres
2691 3594 2977 3685 iuvenes
3023 3595 3154 3671 hoc
3209 3618 3392 3672 anno
3437 3603 3660 3672 morte

628 3730 783 3783 esse
826 3706 1129 3784 ablatos=
1184 3710 1674 3787 Gemmarum
1718 3733 1867 3786 vau
1904 3711 2113 3788 Turn
2162 3711 2516 3804 Harma&
2564 3712 3144 3813 iurisprudentiae
3195 3713 3618 3791 destinatum
3637 3774 3658 3804 ‚

631 3827 1077 3903 Sinnannmr
1119 3825 1581 3918 Wmsnmmr
1600 3885 1623 3918 ,
1658 3826 2041 3929 disciplinis
2074 3829 2379 3931 physicis
2417 3831 2735 3908 deditum
2753 3889 2777 3924 ‚
2810 3833 3212 3909 Ionammr
3253 3832 3660 3910 Hnnmcnu

629 3945 1154 4022 Bnnmfflanao
1172 4002 1193 4037 ,
1242 3947 1369 4048 qui
1410 3971 1650 4024 mense
1694 3947 1981 4024 demum
2021 3949 2205 4026 Iulio
2254 3975 2512 4028 nomen
2565 3952 2726 4030 albo
2772 3951 3236 4028 studiosorum
3287 3952 3655 4053 inscripsit.

627 4063 911 4141 Horum
982 4067 1317 4142 memoria
1382 4065 1885 4143 iucundissima
1948 4068 2197 4144 merito
2272 4078 2383 4146 est
2451 4071 2902 4170 manebitque
2971 4070 3378 4171 parentibus
3448 4079 3658 4170 atque

632 4184 1221 4260 commilitonibus
1238 4240 1259 4275 ,
1328 4185 1455 4286 qui
1515 4193 1747 4262 mutua
1812 4210 1963 4262 sese
2003 4189 2161 4287 fide
2220 4188 2446 4265 vivere
2501 4189 2674 4268 velle
2689 4247 2714 4282 ,
2783 4195 3230 4291 mortuosque
3267 4193 3399 4290 pie
3444 4193 3660 4266 colere

630 4301 867 4402 palam
914 4303 1137 4378 solent
1184 4302 1667 4380 honestissimo
1712 4305 1921 4382 modo
1966 4305 2291 4410 profiteri.

782 4420 1021 4496 Huius
1064 4421 1259 4497 urbis
1308 4421 1695 4522 praefectus
1711 4482 1732 4514 ‚
1780 4424 2196 4503 Academiae
2244 4425 2563 4518 Curatur,
2609 4425 2962 4504 carissimo
3005 4425 3148 4504 filio
3194 4436 3302 4503 est
3333 4427 3656 4518 orbatus;

632 4563 1025 4641 parumque
1069 4541 1381 4641 praeviso
1432 4550 1647 4641 atque
1691 4543 2115 4644 irreparabili
2154 4544 2289 4622 tibi
2328 4569 2502 4623 casu
2545 4569 2829 4624 uxorem
2869 4544 3162 4622 amisisti
3178 4603 3201 4637 ,
3246 4547 3660 4625 amicissime

634 4681 737 4736 ns
796 4683 895 4735 na
964 4661 1284 4736 Fauna!
1354 4667 1744 4739 matronam
1810 4663 2381 4766 spectatissimam
2402 4721 2424 4756 ,
2489 4664 2740 4741 domus
2798 4672 2961 4741 tuae
3012 4673 3313 4768 tuaeque
3357 4667 3656 4745 civitatis

634 4779 1129 4879 Groninganae
1153 4837 1174 4872 ,
1224 4804 1432 4859 sexus
1480 4780 1591 4858 sui
1630 4781 1843 4862 decus
1892 4792 2107 4886 atque
2144 4791 2629 4902 ornamentum
2644 4841 2668 4878 ,
2715 4785 2916 4866 cuius
2961 4786 3250 4866 virtutes
3303 4794 3376 4865 et
3414 4787 3662 4865 merita·
