4766 6034
1923 634 2480 703 ORATIO.
3589 639 3716 708 1⁷9

685 868 836 919 esse
878 842 1331 942 periculosam
1373 839 1887 942 terribilemque
1928 842 2291 921 audaciam
2331 843 2736 943 pronuntiat
2785 866 2998 941 quam
3047 842 3346 921 hominis
3368 848 3703 941 fanatici.

680 963 1025 1065 Equidem
1074 986 1343 1062 semper
1387 961 1741 1061 professus
1788 988 1945 1039 sum
1964 1021 1983 1053 ,
2049 964 2464 1041 Auditoresl
2529 988 2786 1039 errores
2831 962 3193 1042 hominum
3237 965 3427 1041 haud
3476 965 3702 1043 mino-

681 1108 793 1157 res
835 1081 1074 1182 generi
1124 1082 1429 1158 humano
1475 1082 1899 1159 calamitates
1940 1083 2286 1183 peperisse
2326 1092 2538 1183 atque
2582 1108 2820 1183 parere
2861 1108 3072 1183 quam
3117 1094 3418 1184 peccata.
3499 1085 3704 1163 Idem

682 1202 929 1299 probat
974 1200 1145 1277 iuris
1186 1200 1519 1277 naturalis
1568 1200 1869 1279 historia.
1969 1202 2117 1279 Diu
2158 1203 2632 1279 existimatum
2691 1212 2798 1279 est
2845 1212 2916 1279 et
2957 1204 3186 1281 adhuc
3233 1204 3704 1295 existimatur,

681 1320 771 1395 ab
820 1320 1017 1397 unita
1070 1320 1501 1420 singulorum
1547 1320 1909 1397 hominum
1957 1322 2309 1397 voluntate
2330 1380 2349 1412 ‚
2419 1322 2542 1422 qui
2585 1322 2695 1398 sui
2740 1348 3019 1423 prorsus
3070 1323 3242 1399 iuris
3260 1382 3281 1412 ,
3339 1324 3662 1423 aequales
3681 1382 3704 1414 ‚

680 1464 881 1540 pares
927 1447 1157 1515 essent
1175 1498 1196 1528 ,
1266 1464 1544 1515 omnem
1591 1439 1874 1515 omnino
1921 1437 2319 1514 societatem
2338 1496 2357 1527 ,
2425 1464 2630 1516 omne
2671 1440 2954 1517 omnino
3000 1441 3370 1540 imperium
3391 1500 3412 1532 ,
3460 1466 3704 1523 omnes

680 1558 851 1635 iuris
915 1559 1458 1636 necessitudines
1524 1559 1898 1659 repetenda
1912 1618 1933 1648 ,
2002 1558 2386 1656 eademque
2448 1561 2772 1635 utilitatis
2831 1568 3106 1639 tantum
3160 1586 3370 1637 causa
3426 1562 3704 1639 condita

680 1679 790 1755 vel
852 1680 1135 1755 inventa
1190 1704 1341 1755 esse
1355 1737 1378 1768 ,
1447 1702 1864 1777 omnemque
1924 1678 2489 1785 inaequalitatem
2535 1704 2576 1753 e
2625 1680 2951 1757 societate
2998 1681 3360 1757 hominum
3400 1707 3702 1760 manare.

682 1800 934 1897 Itaque
983 1824 1197 1898 penes
1239 1800 1577 1899 populum
1628 1798 1861 1875 eiusve
1902 1799 2364 1901 legislatorem
2417 1806 2558 1889 est,
2609 1799 2697 1874 de
2745 1802 2854 1877 his
2900 1801 3224 1879 omnibus
3273 1802 3704 1903 infinitisque

680 1916 831 1993 aliis
872 1918 1211 1994 institutis
1233 1976 1254 2007 ,
1321 1942 1499 2017 quae
1557 1920 1751 1996 omni
1806 1944 1974 2025 aevo
2036 1920 2365 2019 gentibus
2410 1908 2806 1997 communia
2854 1922 3136 1997 fuerunt
3157 1979 3177 2011 ,
3229 1923 3556 2023 quoniam
3617 1948 3705 1997 ex

679 2037 979 2113 hominis
1026 2045 1273 2113 natura
1312 2046 1793 2139 provenerunt.
1820 2039 2045 2138 qualis
2094 2066 2139 2115 a
2179 2040 2332 2117 Deo
2376 2048 2646 2117 creatus
2681 2048 2790 2117 est
2810 2099 2831 2130 ,
2879 2040 3094 2116 libere
3143 2048 3465 2117 statuere.
3535 2044 3702 2122 Qua

554 2210 562 2216 κ
626 2158 631 2161 ’
678 2158 751 2232 in
795 2182 870 2232 re
922 2158 1022 2233 ita
1069 2158 1317 2234 versati
1360 2166 1527 2234 sunt
1571 2164 1653 2233 ut
1688 2158 1921 2234 omnia
1954 2158 2277 2234 docerent
2310 2184 2490 2259 quae
2533 2166 2778 2259 sponte
2822 2160 3177 2237 ducuntur
3217 2186 3304 2237 ex
3342 2159 3700 2261 opiniones

686 2308 722 2347 ιι
745 2278 1059 2354 homines
1116 2278 1517 2354 naturaliter
1564 2302 1843 2378 prorsus
1895 2302 2045 2353 esse
2102 2278 2487 2377 singulares
2509 2337 2529 2367 ,
2590 2303 3007 2377 omnemque
3071 2280 3242 2355 iuris
3305 2282 3704 2359 societatem

684 2428 722 2467 ιι
744 2399 937 2473 nasci
994 2424 1033 2473 e
1088 2398 1373 2497 privatis
1442 2397 1806 2505 hominum
1872 2394 2512 2472 conventionibus.”
2610 2396 2861 2493 Itaque
2917 2396 3090 2471 iuris
3149 2396 3484 2473 naturalis
3553 2407 3699 2475 est:

686 2547 721 2585 ιι
743 2516 927 2592 bona
994 2516 1304 2593 defuncti
1370 2517 1611 2593 cedere
1675 2516 1982 2616 primum
2038 2515 2472 2614 occupanti.''
2572 2512 2770 2595 Quid
2829 2514 3018 2590 enim
3069 2515 3440 2592 absurdius
3491 2542 3707 2616 quam

678 2634 943 2711 homini
987 2636 1101 2711 ius
1142 2636 1513 2713 concedere
1563 2636 1651 2711 de
1694 2636 1903 2712 rebus
1948 2635 2093 2711 suis
2135 2642 2294 2735 post
2328 2641 2624 2713 mortem
2669 2634 3134 2732 decernendi?
3185 2636 3478 2713 Cessant
3513 2638 3702 2715 enim

676 2757 911 2831 omnia
952 2756 1107 2833 iura
1152 2781 1315 2833 cum
1368 2758 1528 2832 vita.
1599 2758 2049 2856 Consequens
2092 2762 2241 2831 erat
2284 2762 2366 2830 ut
2407 2754 2780 2845 adderent,
2831 2755 3333 2833 successionem
3377 2755 3467 2833 ab
3521 2756 3699 2833 inte-

679 2883 863 2951 stato
922 2876 1181 2976 pariter
1246 2884 1457 2975 atque
1506 2900 1595 2951 ex
1644 2882 2058 2951 testamento
2115 2884 2351 2951 contra
2399 2882 2721 2951 naturam
2775 2900 2963 2951 esse:
3031 2876 3172 2951 imo
3189 2933 3212 2964 ‚
3282 2900 3711 2975 quamquam

676 3003 924 3073 neutra
966 2996 1323 3098 probanda
1366 2996 1491 3087 sit,
1538 2996 1730 3073 illam
1775 2994 1903 3072 hac
1944 2994 2165 3093 magis
2205 2994 2734 3093 improbandam
2777 2994 3026 3070 videri:
3079 2995 3418 3072 successio
3463 2995 3554 3072 ab
3597 2996 3704 3072 in-

678 3121 931 3190 testato
974 3124 1436 3214 praesumtum
1456 3173 1477 3204 ,
1541 3113 2057 3191 testamentaria
2107 3138 2490 3212 capr-eseam
2541 3113 2853 3190 defuncti
2901 3115 3328 3190 voluntatem
3355 3114 3703 3192 declarat.

678 3235 1259 3336 Inaequalitatem
1318 3235 1580 3311 ordinis
1597 3293 1617 3324 ,
1688 3233 2047 3333 dignitatis
2066 3292 2087 3322 ,
2147 3234 2527 3321 bonorum,
2589 3232 2850 3310 iurium
2907 3235 3151 3310 malum
3218 3229 3368 3308 esse
3415 3235 3707 3312 affirma-

618 3417 625 3420 .
680 3353 887 3442 bant,
958 3355 1149 3453 quod
1210 3354 1328 3430 alii
1387 3355 1523 3453 ip'si
1568 3357 1918 3443 societati,
1984 3349 2102 3430 alii
2149 3377 2383 3429 rerum
2419 3355 2878 3450 proprietati,
2943 3351 3018 3426 in
3077 3352 3399 3430 societate
3453 3353 3710 3430 iniuria

680 3473 1114 3550 introductae
1131 3531 1153 3563 ,
1200 3474 1663 3573 imputabant.
1745 3474 1961 3553 Quod
1994 3473 2257 3549 malum
2301 3473 2412 3546 his
2450 3471 2912 3547 necessarium
2931 3529 2952 3558 ,
3003 3473 3148 3578 illie
3181 3495 3344 3547 cum
3381 3471 3707 3550 omnibus

680 3593 833 3668 eius
890 3593 1119 3670 causis
1166 3617 1543 3692 earumque
1586 3593 1841 3669 effectu
1874 3593 2203 3668 radicitus
2246 3591 2773 3690 exstirpandum
2816 3591 3198 3670 videbatur.
3273 3592 3706 3668 cathedrarii

680 3713 1075 3813 philosophi
1139 3713 1309 3789 haec
1370 3713 1707 3814 principia
1756 3713 1830 3788 in
1894 3713 2281 3788 scholarum
2332 3711 2582 3788 umbra
2635 3710 2710 3784 in
2757 3709 2952 3786 libris
2991 3711 3244 3787 Latina
3295 3712 3704 3811 plerumque

644 3833 923 3933 'lingua
974 3832 1376 3931 conscriptis
1415 3831 1849 3908 tradiderunt
1894 3839 2231 3932 tanquam
2272 3831 2670 3908 indubitata
2713 3829 2886 3905 iuris
2931 3831 3265 3907 naturalis
3304 3838 3669 3931 praecepta
3690 3890 3713 3921 ‚

680 3953 953 4053 optima*
996 3953 1137 4026 fide
1156 4009 1177 4042 ‚
1226 3977 1349 4051 per
1390 3952 1649 4027 multos
1694 3976 1913 4028 annos
1952 3977 2177 4052 usque
2224 3952 2316 4026 ad
2352 3959 2663 4028 nostram
2702 3957 3001 4028 aetatem
3022 4010 3042 4039 ,
3092 3951 3164 4026 in
3211 3951 3528 4028 universa
3567 3952 3714 4029 fere

676 4073 1000 4172 Europa,
1052 4071 1337 4171 placidis
1384 4071 1817 4147 auditoribus
1869 4072 2377 4170 lectoribusque
2424 4071 2599 4145 nihil
2643 4061 2809 4145 mali
2857 4069 3394 4169 suspicantibus.
3487 4070 3715 4146 Simul

679 4199 925 4267 autem
992 4191 1373 4267 fervidioris
1443 4191 1855 4266 exstiterunt
1919 4191 2183 4292 ingenii
2249 4191 2562 4265 homines
2621 4190 2695 4262 in
2755 4190 2980 4268 Gallia
2997 4247 3018 4278 ,
3089 4188 3294 4264 Italia
3315 4247 3334 4278 ,
3405 4189 3663 4288 Anglia
3688 4249 3709 4278 ‚

679 4309 1047 4401 America,
1094 4310 1169 4385 in
1222 4311 1445 4410 patria
1490 4307 1725 4388 nostra
1769 4319 1959 4411 (prae
1993 4311 2277 4387 caeteris
2322 4310 2764 4386 RossAvnm
2781 4366 2803 4398 ,
2851 4311 3324 4396 Baceamm,
3366 4309 3714 4384 Paruum

682 4437 1025 4522 memoro)
1100 4431 1225 4528 qui
1284 4430 1733 4530 popularibus
1794 4432 2065 4531 scriptis
2130 4430 2275 4506 suis
2340 4429 2588 4504 similia
2644 4453 2948 4528 prorsus.
2981 4451 3236 4526 magna
3285 4425 3676 4524 eloquentia
3692 4485 3713 4515 ‚

684 4548 1033 4650 elegantia
1047 4608 1068 4638 ,
1118 4549 1463 4624 evidentia
1507 4551 1815 4626 centenis
1856 4550 2155 4626 millenis
2202 4548 2600 4628 hominibus
2643 4571 2768 4647 per
2805 4555 3034 4623 totum
3084 4555 3420 4620 terrarum
3469 4545 3711 4621 orbem

685 4669 1366 4746 commendaverunt.
1417 4669 1616 4748 Quid
1653 4670 1841 4744 enim
1881 4670 2261 4770 simplicius
2276 4727 2297 4759 ,
2330 4667 2718 4744 evidentius
2731 4726 2752 4758 ,
2792 4669 2886 4746 ad
2920 4665 3389 4767 ignorantium
3425 4672 3712 4765 captum

510 4871 545 4880 ,
688 4789 1275 4868 accommodatius
1325 4788 1613 4891 cogitari
1662 4797 1891 4892 potest
1954 4815 2167 4890 quam
2226 4811 2466 4866 eorum
2525 4789 2731 4866 series
2777 4789 3189 4889 placitorum
3243 4811 3422 4886 quae
3470 4792 3716 4886 sponte

3082 4907 3237 4991 23³!
