4766 6034
1173 642 1260 708 14
1979 647 1986 654 ‘
2227 637 2293 704 F.
2376 635 2457 703 G.
2542 632 3133 704 KRIEGER

1267 849 1845 922 Rsmwxsnnvs
1887 850 1957 919 et
2005 843 2258 919 eximia
2301 851 2452 920 erat
2492 844 2803 921 doctrina
2838 853 2909 920 et
2934 845 3166 921 animo
3189 843 3442 944 probo,
3492 844 3765 945 integro
3786 851 3861 922 et
3880 847 4167 924 candido.

1170 969 1539 1069 Quidquid
1591 975 1739 1042 erat
1761 1026 1780 1055 ,
1847 989 1988 1041 non
2038 965 2138 1040 ita
2181 965 2519 1041 educatus
2562 975 2710 1042 erat
2753 975 2825 1041 et
2868 967 3233 1041 institutus
3256 1023 3279 1055 ‚
3328 965 3453 1040 sed
3502 974 3749 1042 natura
3795 967 4021 1044 factus
4058 969 4173 1044 acri

1172 1090 1402 1166 studio
1460 1097 1530 1164 et
1579 1088 1924 1163 indefessa
1979 1085 2345 1162 industria.
2444 1088 2615 1162 Erat
2658 1113 2697 1162 e
2750 1087 2921 1163 raris
2966 1088 3169 1163 istius
3210 1087 3512 1187 exempli
3556 1086 3719 1164 viris
3736 1145 3759 1177 ‚
3807 1090 3966 1188 qui,
4016 1089 4177 1164 omni

1166 1331 1374 1406 niunt
1391 1389 1411 1421 ‚
1463 1355 1603 1430 qua
1646 1332 1787 1404 itur
1820 1329 1912 1404 ad
1953 1353 2182 1403 veram
2215 1329 2617 1404 doctrinam.
2720 1329 3015 1404 Vidistis
3034 1387 3053 1417 ,
3098 1328 3510 1404 Auditores!
3563 1329 3949 1428 quomodo,
3996 1353 4173 1406 num-

1169 1477 1380 1552 quam
1446 1477 1584 1526 non
1655 1450 1996 1526 studendo
2021 1507 2041 1538 ,
2107 1448 2397 1523 nitendo
2419 1507 2439 1538 ,
2504 1449 2935 1549 properando
3001 1474 3087 1524 ex
3144 1449 3394 1524 humili
3452 1449 3620 1526 satis
3668 1449 4059 1525 conditione
4100 1450 4177 1526 ad

1168 1597 1478 1648 summos
1535 1569 1920 1671 pervenerit
1984 1570 2276 1644 honores
2337 1569 2782 1669 nobilemque
2842 1569 3087 1645 acriter
3142 1569 3469 1644 certando
3528 1569 3832 1670 palmam
3900 1577 4174 1670 reporta-

1167 1692 1360 1768 verit.
1460 1692 1612 1766 Iam
1669 1695 1942 1765 mature
1999 1688 2431 1765 intellexerat
2472 1689 2559 1762 'in
2628 1698 2915 1766 naturae
2980 1689 3400 1789 indagandis
3458 1691 3771 1766 moribus
3834 1691 4017 1765 vitae
4062 1698 4176 1765 sta·

1161 1813 1423 1887 tionem
1463 1812 1596 1886 sibi
1640 1836 1790 1886 esse
1830 1811 2265 1911 ponendam3
2315 1811 2509 1886 nullo
2551 1812 2733 1886 vitae
2773 1819 3128 1887 momento
3170 1809 3335 1886 huic
3372 1811 3595 1886 defuit
3629 1811 3820 1910 quod
3842 1833 4179 1885 summum

1162 1932 1488 2008 censebat
1533 1957 1682 2006 esse
1729 1932 2066 2021 officium,
2118 1938 2190 2007 et
2231 1931 2566 2031 singulari
2607 1955 2889 2031 prorsus
2926 1957 3159 2008 amore
3182 1991 3203 2022 ,
3254 1933 3427 2033 quin
3469 1933 3709 2010 ardore
3727 1992 3748 2023 ,
3796 1933 3869 2008 in
3912 1940 4177 2008 naturae

1163 2053 1476 2129 studium
1523 2052 1936 2152 rapiebatur.

1262 2173 1463 2248 Illam
1543 2197 1702 2248 vero
1721 2232 1741 2263 ,
1813 2196 1954 2273 qua
2023 2170 2436 2260 excellebat,
2505 2169 2827 2246 intimam
2892 2197 3056 2248 cum
3130 2180 3380 2250 natura
3448 2172 3987 2249 familiaritatem
4058 2197 4178 2247 non

1159 2295 1454 2395 legendo
1502 2295 1726 2370 solum
1773 2300 2204 2370 contraxerat
2225 2352 2246 2382 ‚
2294 2291 2487 2392 quod
2536 2291 2653 2367 alii
2694 2293 3107 2393 scripserant
3124 2352 3144 2384 ‚
3193 2295 3345 2394 ipse
3378 2301 3761 2370 servaverat
3791 2294 3883 2369 de
3913 2300 4179 2380 natura,

1158 2417 1306 2515 ipse
1368 2424 1657 2492 naturae
1721 2416 1897 2490 vires
1963 2421 2437 2515 perscrutatus
2458 2473 2479 2504 ‚
2550 2421 2840 2490 naturae
2909 2415 3387 2515 phaenomena
3450 2414 3997 2490 meditabundus
4053 2421 4179 2489 erat

1154 2538 1682 2636 contemplatus·
2301 2551 2308 2557 “

1253 2660 1506 2756 Itaque
1573 2655 1764 2754 quod
1824 2655 2088 2756 priscae
2143 2662 2214 2730 et
2267 2654 2559 2731 beatiori
2615 2653 3013 2730 mortalium
3074 2657 3269 2756 genti
3334 2656 3707 2757 contigisse
3774 2654 4177 2731 suavissimis

1151 2776 1420 2852 fabellis
1491 2783 1736 2876 poetae
1811 2776 2210 2852 cecinerunt
2277 2820 2376 2835 —
2443 2775 2705 2851 sciebat
2779 2783 2851 2851 et
2914 2776 3348 2878 intelligebat
3410 2785 3701 2854 naturae
3772 2799 4176 2864 sermonem,

1152 2923 1365 2999 quam
1416 2898 1858 2988 consulebat,
1927 2898 2503 2998 quotiescumque
2555 2896 2631 2970 in
2678 2921 2826 2972 rem
2869 2896 3332 3003 obscuriorem
3376 2897 3773 2998 inquirebat
3786 2956 3806 2988 ‚
3856 2896 4177 2995 intellige·

1147 3022 1409 3121 batque
1483 3020 1632 3096 eius
1699 3028 2060 3121 tamquam
2125 3019 2417 3095 tacentis
2487 3042 2918 3119 responsum.
3054 3019 3329 3095 Acriter
3390 3020 3705 3096 animum
3778 3017 3852 3093 in
3922 3016 4178 3117 singula

1143 3150 1432 3218 naturae
1473 3142 1950 3241 phaenomena
1997 3141 2128 3216 rite
2185 3141 2655 3242 pernoscenda
2706 3140 3151 3232 intendebat3
3205 3142 3331 3217 sed
3372 3166 3453 3217 eo
3492 3165 3635 3216 non
3678 3138 4174 3239 acquiescebat,

1141 3262 1216 3337 id
1273 3262 1389 3361 agi
1427 3262 1801 3337 arbitratus
1822 3320 1842 3351 ,
1892 3269 1974 3336 ut
2017 3268 2286 3361 pateret
2331 3285 2473 3361 quo
2526 3260 2798 3338 vinculo
2850 3262 3124 3362 singula
3171 3262 3291 3338 illa
3332 3261 3517 3337 inter
3558 3286 3631 3336 se
3677 3260 3915 3337 iuncta
3964 3264 4173 3334 essent

1143 3392 1213 3456 et
1276 3407 1417 3481 qua
1476 3382 1628 3482 lege
1689 3388 2109 3482 regerentur.
2212 3385 2378 3462 Quo
2446 3382 2679 3457 studio
2739 3383 2993 3459 ductus
3058 3390 3347 3459 naturae
3396 3406 3625 3458 mores
3672 3390 3746 3456 et
3790 3380 3969 3455 vires
4020 3379 4171 3453 dum

1142 3502 1419 3577 acribus
1485 3502 1810 3577 cernebat
1889 3501 2249 3603 acutisque
2300 3502 2553 3593 oculis,
2620 3503 2695 3579 in
2744 3503 2895 3579 eius
2946 3503 3194 3580 arcana
3244 3512 3318 3581 et
3366 3506 3567 3605 quasi
3612 3503 3936 3579 intimam
3980 3524 4169 3603 pene·

1141 3622 1349 3697 travit
1396 3622 1762 3699 officinam.

1241 3744 1383 3818 Sed
1421 3745 1959 3820 Rsmwaan'no
1999 3768 2141 3819 non
2193 3745 2421 3821 solum
2474 3754 2728 3823 natura
2772 3754 2969 3823 vasta
3022 3752 3171 3822 erat
3216 3769 3425 3822 arena
3445 3803 3467 3835 ,
3513 3745 3589 3819 in
3636 3766 3778 3843 qua
3820 3741 4163 3842 ingenium

1141 3862 1300 3963 quis
1347 3873 1728 3955 exerceret,
1797 3865 2114 3966 viresque
2151 3872 2222 3941 et
2261 3864 2747 3951 dexteritatem
2792 3867 3224 3956 ostenderet;
3272 3874 3523 3943 natura
3560 3888 3687 3939 nos
3728 3862 3959 3937 doceri
4001 3858 4161 3936 arbi-

1139 3984 1455 4072 trabatur
1474 4044 1494 4075 ,
1564 3984 1912 4084 quomodo
1975 3986 2125 4060 vita
2179 3985 2310 4059 rite
2371 3994 2443 4060 et
2500 3986 2614 4085 pie
2658 3994 2839 4061 esset
2885 3986 3348 4077 instituenda,
3398 3987 3781 4084 eademque
3836 4007 3967 4058 nos
4020 3978 4163 4057 duci

1137 4104 1230 4180 ad
1282 4129 1510 4181 veram
1531 4165 1552 4195 ‚
1605 4106 1942 4182 sinceram
1985 4112 2057 4181 et
2104 4105 2460 4181 ardentem
2512 4105 2649 4180 Dei
2698 4106 3239 4181 venerationem!

1243 4226 1736 4325 '‘Quicumque
1753 4285 1773 4316 ,
1867 4227 1966 4302 ait
1985 4285 2005 4317 ‚
2091 4234 2378 4301 naturae
2475 4226 3049 4326 contemplandae
3134 4223 3475 4301 desiderio
3497 4283 3516 4312 ,
3602 4222 3793 4298 idem
3881 4228 3955 4295 et
4021 4242 4160 4293 vero

1147 4350 1385 4424 escultu
1454 4355 1527 4423 et
1582 4346 2036 4423 admiratione
2092 4347 2378 4447 rapitur.
2480 4348 2615 4421 Dei
2677 4371 2878 4421 verus
2940 4353 3153 4445 atque
3203 4347 3509 4421 sincerus
3552 4344 3783 4417 cultus
3799 4400 3821 4431 ,
3871 4340 4043 4441 quid
4082 4336 4161 4415 ad

1145 4492 1352 4544 neum
1421 4468 1676 4543 rectius
1723 4468 1986 4558 ducat,
2050 4492 2264 4568 quam
2333 4469 2503 4544 haec
2568 4467 2719 4568 ipsa
2780 4467 2992 4541 totius
3053 4473 3341 4543 naturae
3411 4462 3716 4563 parentis
3783 4468 3855 4536 et
3914 4458 4160 4560 opificis

1146 4587 1624 4664 aadmirabilia
1687 4589 1942 4688 opera?
2035 4590 2192 4664 Imo
2264 4613 2422 4664 vero
2444 4648 2465 4679 ,
2532 4588 2798 4687 pergit,
2869 4613 3000 4687 ego
3058 4588 3133 4663 in
3194 4588 3277 4662 ea
3336 4583 3680 4661 sententia
3744 4605 4015 4680 semper
4069 4576 4157 4654 fui

1147 4708 1576 4784 „maximum
1626 4708 1982 4807 quoddam
2024 4716 2461 4785 momentum
2512 4732 2661 4783 esse
2720 4708 2793 4781 in
2845 4714 3135 4784 naturae
3192 4708 3440 4783 studiis
3500 4705 3595 4781 ad
3654 4702 4155 4779 exercitandum

1149 4836 1266 4904 net
1320 4828 1872 4906 confirmandum
1908 4827 2108 4904 illum
2150 4827 2366 4904 animi
2412 4828 2736 4905 affectum
2753 4886 2773 4917 ,
2821 4854 2961 4929 quo
3002 4830 3091 4907 ad
3110 4828 3624 4931 ‘quodcumque
3672 4822 4115 4900 humanitatis
4130 4874 4149 4907 ‚
