4766 6034
1242 634 1330 703 88
2445 640 2521 705 H.
2590 567 3085 709 E.⁸v1NKE

1235 798 1354 917 Iv'
1379 846 1495 937 (A.
1529 848 1702 935 385)
1739 846 2349 933 P31s0112121mus3
2394 846 2518 943 qui
2554 846 2821 945 primus
2854 846 3028 936 fuit,
3079 854 3360 946 propter
3396 846 3757 945 opiniones
3780 908 3802 937 ‚
3854 874 4023 948 quas
4058 850 4209 926 fove-

1237 964 1364 1040 bat
1383 1024 1404 1053 ,
1458 964 1546 1039 ab
1596 965 1940 1039 Ecclesiae
1989 965 2322 1084 doctrina,
2345 966 2743 1041 recedentes
2763 1024 2782 1054 ,
2832 976 3053 1042 morte
3099 966 3389 1043 affectus
3436 976 3543 1043 est
3567 970 3692 1063 ⁸⁷).

1335 1202 1476 1279 Sed
1513 1206 1586 1279 in
1621 1207 1878 1281 Patres
1913 1208 2205 1281 Latinos
2240 1208 2475 1286 oculos
2511 1215 3013 1284 convertamus,
3082 1209 3193 1283 De
3222 1208 3749 1283 Taurunnmuo
3781 1214 3855 1282 et
3885 1209 4227 1283 Crraumo·

1235 1346 1376 1397 non
1425 1332 1532 1398 est
1587 1326 1776 1424 quod
1827 1326 2178 1401 dicamus:
2249 1351 2547 1426 quorum
2594 1330 2715 1403 ille
2763 1328 3079 1427 quidem:
3141 1358 3177 1398 ιι
3197 1328 3373 1403 fides
3397 1330 3467 1417 ,'’
3514 1328 3780 1427 inquit,
3850 1358 3887 1397 ιι
3910 1328 3983 1403 in
4024 1329 4221 1427 regula
4262 1312 4268 1320 ’

1241 1475 1277 1513 ιι
1296 1444 1522 1543 posita
1568 1453 1711 1519 est:
1782 1447 2112 1521 adversus
2158 1448 2470 1549 regulam
2522 1447 2699 1523 nihil
2748 1449 2918 1523 scire
2935 1506 2954 1536 ‚
3006 1448 3239 1524 omnia
3282 1448 3456 1523 scire
3499 1456 3606 1523 est
3624 1449 3763 1541 ⁸⁸).;
3790 1449 3833 1477 ''
3886 1450 3994 1521 bic
4026 1455 4219 1522 autem

1233 1565 1386 1639 aliis
1435 1564 1820 1640 ducebatur
1862 1567 2112 1641 studiis
2134 1627 2153 1656 ‚
2175 1668 2180 1676 ι
2204 1592 2415 1666 quam
2466 1576 2547 1643 ut
2590 1568 2677 1643 de
2726 1592 2883 1644 vera
2910 1568 3077 1643 fidei
3108 1570 3389 1644 notione
3414 1592 3754 1667 exponere
3778 1574 4012 1666 posset
4022 1568 4221 1659 ⁸⁰).—

1228 1685 1339 1759 De
1397 1687 1831 1761 Avensa-mo
1893 1711 2051 1762 vero
2100 1688 2332 1787 paullo
2375 1689 2730 1789 agendum
2778 1700 2886 1763 est
2931 1690 3156 1765 fusius
3179 1748 3200 1779 ,
3254 1689 3587 1788 quoniam
3636 1687 3725 1764 ab
3771 1712 3855 1763 eo
3908 1688 3983 1761 in
4020 1686 4221 1786 primis

1229 1806 1603 1905 Theologia
1659 1808 2050 1905 dogmatica
2099 1808 2446 1883 Ecclesiae
2496 1808 2939 1885 occidentalis
2987 1809 3266 1884 initium
3311 1810 3536 1909 cepit,
3609 1809 3901 1907 eiusque
3948 1808 4224 1906 Systema

1226 1926 1600 2001 maximam
1667 1952 1792 2025 per
1847 1928 2337 2026 consequentia
2386 1930 2618 2004 secula
2670 1929 2812 2003 vim
2856 1930 2931 2003 in
2980 1930 3286 2005 Ecclesia
3338 1930 3586 2006 habuit
3609 1988 3630 2018 ‚
3696 1940 3769 2005 et
3817 1928 4026 2004 etiam
4070 1952 4223 2001 nunc

1229 2045 1460 2121 habet.
1562 2047 1776 2125 Quod
1845 2048 2062 2147 igitur
2121 2074 2207 2122 ex
2272 2049 2459 2123 illius
2529 2050 2873 2125 sententia
2934 2058 3042 2125 est
3109 2051 3275 2125 fidei
3338 2050 3691 2125 obiectum
3712 2053 3747 2125 P
3847 2052 4045 2129 Quae
4102 2049 4224 2123 eius

1223 2165 1546 2241 indoles?
1644 2167 2016 2243 Obiectum
2071 2168 2236 2243 fidei
2281 2195 2362 2243 ea
2409 2171 2620 2245 habet
2638 2229 2659 2259 ‚
2726 2196 2906 2270 quae
2954 2171 3025 2245 et
3068 2171 3339 2270 scriptis
3386 2169 3733 2245 canonicis
3758 2168 3856 2261 ⁰⁰)
3880 2228 3902 2257 ,
3967 2168 4035 2243 et
4072 2192 4225 2267 sym·-

1223 2285 1383 2360 bolo
1425 2288 1796 2385 apostolico
1819 2288 1914 2381 ⁰¹)
1967 2289 2447 2363 continentur:
2518 2291 2591 2363 in
2638 2316 2777 2389 quo
2828 2322 2863 2361 ιι
2888 2290 3243 2367 Catholica
3292 2291 3467 2366 fides
3519 2298 3685 2365 nota
3734 2297 3844 2363 est
3888 2287 4187 2363 fidelibus
4206 2346 4222 2373 ‚

1228 2422 1264 2476 ιι
1281 2407 1790 2510 memoriaeque
1858 2410 2186 2483 mandata
2206 2409 2302 2500 ⁰²)
2324 2412 2391 2498 ,’'
2473 2440 2507 2479 ιι
2529 2411 2704 2485 fides
2771 2410 2859 2485 de
2922 2412 3074 2485 Deo
3128 2412 3481 2486 conditore
3544 2418 3615 2485 et
3662 2416 4058 2483 renovatore
4096 2431 4225 2481 nos-

1223 2556 1260 2595 ιι
1278 2534 1385 2601 tro
1408 2528 1506 2619 ⁹³)
1529 2530 1598 2615 ‚’'
1650 2529 1748 2602 ita
1791 2536 2025 2603 tamen
2069 2538 2150 2605 ut
2198 2528 2380 2602 inter
2428 2528 2810 2603 necessaria
2862 2537 2933 2604 et
2976 2530 3209 2605 minus
3261 2528 3643 2603 necessaria
3691 2526 3966 2603 creditu
4016 2525 4227 2601 distin·

1217 2655 1389 2745 guat
1435 2648 1532 2739 ⁹⁴)
1558 2706 1578 2735 ‚
1626 2674 1707 2723 ac
1756 2678 1792 2718 ιι
1813 2657 2081 2723 certum
2125 2648 2618 2748 propriumque
2659 2648 2825 2723 fidei
2864 2649 3235 2725 catholicae
3277 2649 3815 2725 fundamentum
3862 2648 4225 2721 Cumsrtm

1224 2793 1262 2835 ιι
1284 2789 1434 2839 esse
1475 2764 1625 2856 ⁰⁶)”
1670 2765 1874 2841 dicat.
1975 2768 2252 2856 Fateor,
2327 2790 2856 2866 nonnumquam
2902 2770 3080 2872 fidei
3116 2771 3485 2845 doctrinam
3544 2769 3759 2845 fidem
3810 2792 3981 2843 eum
4024 2765 4227 2865 appel·

1217 2887 1424 2972 lasse;
1459 2885 1581 2961 sed
1611 2885 1777 2960 alibi
1813 2917 1849 2956 ιι
1864 2887 2038 2962 fides
2053 2890 2122 2976 ‚''
2153 2888 2419 2986 inquit,
2467 2917 2503 2959 ιι
2523 2914 2661 2963 non
2692 2900 2799 2963 est
2823 2890 3013 2988 quod
3052 2889 3378 2979 creditur,
3422 2889 3549 2964 sed
3577 2913 3718 2987 qua
3751 2888 4055 2965 creditur
4074 2886 4227 2978 ο(’);”

1217 3004 1506 3105 eiusque
1554 3006 1857 3083 indolem
1903 3008 2000 3084 sic
2057 3008 2422 3102 describit,
2495 3019 2577 3086 ut
2628 3016 2998 3110 appareat,
3074 3010 3321 3109 quanti
3390 3010 3492 3084 vir
3554 3009 3672 3085 ille
3732 3008 3895 3108 pius
3939 3008 4231 3104 idemque

1213 3127 1656 3203 acutissimus
1705 3129 1917 3204 fidem
1976 3129 2248 3218 fecerit,
2316 3136 2388 3202 et
2440 3153 2652 3227 quam
2701 3153 3109 3228 persuasum
3159 3129 3263 3202 illi
3323 3129 3530 3204 fuerit
3551 3188 3572 3217 ,
3620 3151 3763 3203 non
3810 3152 3957 3202 una
4008 3123 4231 3201 mentis

1213 3249 1652 3347 persuasione
1697 3275 1852 3325 eam
1893 3251 2193 3339 absolvi,
2239 3249 2362 3324 sed
2386 3248 2603 3324 animi
2637 3249 2847 3323 etiam
2879 3243 3349 3325 'assensionem
3388 3248 3753 3348 complecti
3786 3255 3863 3322 et
3898 3246 4229 3330 fiduciam,

1212 3369 1286 3442 in
1339 3369 1493 3444 Deo
1545 3371 2016 3470 Cnms‘roque
2060 3371 2431 3470 repositam
2456 3429 2476 3458 ,
2526 3395 2565 3445 e
2609 3395 2789 3468 qua,
2838 3377 3197 3467 tamquam
3244 3371 3434 3445 fonte
3478 3394 3693 3469 pure,
3741 3368 3933 3445 bona
3980 3364 4229 3466 quaevis

1213 3513 1421 3586 opera
1469 3490 1851 3565 necessario
1917 3493 2304 3588 profluant,
2374 3497 2447 3564 et
2516 3515 2694 3588 quae
2746 3513 2875 3565 nos
2920 3490 3198 3579 incitet,
3246 3499 3328 3570 ut
3378 3491 3569 3589 quod
3622 3489 3762 3564 fide
3818 3486 4227 3587 accepimus,

1208 3608 1470 3682 ratione
1516 3609 1725 3682 etiam
1745 3668 1764 3697 ‚
1817 3611 2047 3708 quoad
2093 3612 2242 3685 eius
2295 3610 2443 3684 fieri
2494 3609 2751 3710 possit,
2819 3611 3005 3686 salvo
3067 3612 3232 3686 fidei
3277 3611 3547 3686 obiecto
3566 3669 3587 3700 ,
3656 3608 4045 3708 intelligere
4098 3615 4225 3680 stu·

1213 3727 1502 3803 deamus
1545 3729 1668 3819 ⁹⁷).

1315 3969 1717 4043 Sokolastae‘ci
1762 3975 1998 4044 contra
2016 4026 2036 4056 ,
2086 3971 2401 4070 neglecta
2448 3975 2863 4048 Avensrnu
2915 3972 3225 4048 doctrina
3246 4031 3267 4060 ,
3320 3995 3459 4046 una
3506 3969 3759 4045 mentis
3803 3966 4225 4069 persuasione

1211 4089 1399 4164 cerni
1445 4089 1656 4164 fidem
1715 4089 2073 4179 dixerunt,
2144 4092 2666 4192 doctrinamque
2731 4093 2821 4168 ab
2892 4092 3199 4184 Ecclesia
3268 4098 3620 4190 acceptam
3690 4090 3847 4165 eius
3898 4089 4223 4164 obiectum

1213 4210 1625 4285 habuerunt.
1729 4210 1876 4288 Qui
1933 4209 2149 4310 igitur
2215 4213 2393 4288 hanc
2440 4214 2823 4289 doctrinam
2870 4239 2996 4314 pro
3051 4239 3207 4288 vera
3246 4210 3716 4309 accipiebant,
3781 4210 3913 4285 hos
3978 4206 4225 4284 credere

1149 4429 1160 4438 Ι
1208 4330 1466 4406 scilicet
1511 4328 2041 4406 contendebant.
2145 4332 2560 4409 Statuebant
2608 4335 2892 4434 quidem
2938 4359 3101 4409 cum
3154 4334 3627 4418 Aususrmo,
3678 4354 3799 4430 per
3822 4332 4042 4428 fidem
4089 4349 4223 4426 pro·

1206 4451 1596 4526 cedendum
1635 4475 1786 4525 esse
1831 4450 1922 4526 ad
1957 4453 2361 4527 intellectum
2378 4486 2409 4538 ,·
2452 4453 2576 4526 sed
2618 4476 2837 4551 quum
2882 4453 3011 4527 hoc
3055 4450 3443 4528 doctiorum
3482 4456 3759 4524 tantum
3804 4456 4023 4534 esset,
4068 4445 4225 4520 inter

1207 4571 1421 4645 fidem
1463 4573 1854 4668 implicitam
1903 4577 1973 4645 et
2019 4573 2402 4668 eaplicitam
2421 4628 2441 4660 ,
2494 4596 2707 4669 quam
2750 4571 3073 4647 dicebant
3092 4630 3113 4659 ‚
3166 4569 3731 4668 distinguebant,
3804 4593 3887 4643 ac
3934 4567 4059 4642 toti
4098 4565 4223 4638 fere

1207 4683 1284 4762 in
1351 4714 1432 4764 eo
1497 4697 1692 4763 erant
1714 4747 1734 4778 ‚
1805 4698 1886 4764 ut
1951 4714 2128 4789 quae
2179 4698 2464 4789 captum
2526 4691 2913 4767 humanum
2956 4697 3400 4790 superarent,
3465 4687 3802 4786 explicare
3862 4687 4245 4770 studerent.⁸

1211 4813 1456 4887 Quum
1504 4815 1738 4884 autem
1793 4808 1971 4884 bene
2017 4810 2152 4909 ipsi
2188 4810 2691 4909 intelligerent,
2738 4812 2898 4911 plus
2948 4837 3161 4910 quam
3206 4807 3599 4886 istiusmodi
3644 4807 3857 4883 fidem
3922 4805 4013 4882 ad
4046 4801 4219 4878 salu-
