4766 6034
1139 633 1226 698 46
2211 635 2276 698 F.
2358 633 2439 699 G.
2525 635 3107 702 KRIEGER

1144 864 1368 940 quens
1435 839 1726 914 remedii
1785 839 1928 915 iam
1979 840 2176 914 fieret
2221 865 2391 915 usus
2412 899 2433 929 ‚
2484 843 2607 916 scd
2658 844 3073 943 prudentius
3124 868 3207 917 eo
3250 841 3359 916 uti
3406 841 3835 918 censendum
3874 851 3983 918 est
4028 843 4163 920 chi-

1141 985 1388 1060 rurgos
1457 959 1876 1059 experientia
1959 960 2174 1035 fuisse
2267 962 2569 1039 edoctos.
2668 966 2919 1063 Neque
3006 961 3653 1063 praetervidendum
3714 972 3823 1038 est
3888 987 4028 1039 non
4094 966 4165 1040 in

1141 1080 1468 1155 omnibus
1509 1080 1820 1169 casibus,
1871 1081 2130 1180 quibus
2180 1107 2366 1156 mors
2406 1083 2899 1160 inhalationem
2926 1093 3031 1158 est
3068 1090 3339 1172 secuta,
3376 1083 3669 1158 eandem
3696 1085 3937 1159 mortis
3961 1084 4165 1160 fuisse

1139 1226 1458 1290 causam;
1511 1200 1726 1276 nimia
1761 1202 2118 1301 sanguinis
2161 1203 2428 1278 iactura
2471 1205 2613 1278 vita
2648 1213 2876 1304 potest
2919 1205 2991 1278 in
3036 1203 3405 1278 discrimen
3448 1203 3673 1278 vocari
3712 1227 3945 1302 neque
3984 1205 4163 1280 ullus

1137 1331 1244 1397 est
1317 1322 1798 1422 chirurgorum
1859 1323 2034 1396 adeo
2092 1323 2356 1421 peritus
2377 1383 2397 1412 ,
2450 1324 2757 1422 prudens
2814 1333 2887 1398 et
2924 1333 3205 1410 cautus,
3254 1323 3425 1422 quin
3468 1325 3681 1398 semel
3732 1324 4073 1400 iterumve
4126 1351 4167 1400 a

1135 1450 1322 1518 recta
1369 1442 1480 1517 via
1525 1443 1795 1517 aberret
1838 1453 1909 1516 et
1955 1442 2198 1516 vitium
2250 1445 2681 1532 committat,
2734 1445 2925 1544 quod
2974 1445 3189 1518 semel
3232 1445 3677 1519 commissum
3728 1445 3983 1544 corrigi
4034 1471 4165 1520 non

1135 1572 1383 1662 potest.
1483 1565 1734 1662 Itaque
1786 1563 2166 1638 dolendum
2228 1573 2447 1652 esset,
2514 1565 2574 1639 si
2621 1575 2766 1640 tam
2816 1565 3239 1665 praeclarum
3288 1565 3671 1640 remedium
3726 1566 4169 1640 tremebundi

1137 1707 1624 1783 seponeremus
1687 1693 1760 1757 et
1829 1683 2338 1782 despiceremus
2387 1727 2487 1742 -—-
2547 1710 2777 1784 neque
2820 1709 3155 1784 umquam
3214 1684 3420 1758 abiici
3464 1693 3589 1760 aut
3646 1685 3881 1784 sperni
3924 1687 4172 1784 poterit

1135 1805 1478 1879 medicina
1503 1863 1522 1892 ‚
1573 1803 1773 1877 cuius
1819 1803 2098 1902 egregia
2141 1807 2244 1878 vis
2295 1813 2507 1904 atque
2554 1806 2817 1880 utilitas
2854 1804 3233 1879 sexcenties
3276 1803 3555 1878 casibus
3594 1804 3695 1879 ita
3732 1813 3843 1880 est
3888 1807 4171 1903 probata

1135 1933 1206 1997 et
1255 1925 1758 2010 demonstrata,
1811 1931 1892 1996 ut
1939 1948 2092 1997 eam
2142 1925 2494 2023 negligere
2544 1950 2857 2000 summae
2903 1925 3079 1998 foret
3129 1924 3539 1999 dementiae.

1230 2044 1415 2118 Fieri
1438 2050 1704 2143 potest,
1737 2052 1820 2117 ut
1845 2068 2060 2118 novae
2093 2044 2395 2119 existant
2422 2046 2867 2144 diversaeque
2897 2045 3261 2119 doctorum
3290 2045 3381 2118 de
3410 2044 3831 2120 inhalatione
3856 2045 4169 2120 aetherea

1137 2165 1555 2252 sententiae;
1617 2163 2036 2238 inhalatione
2081 2165 2240 2264 ipsa
2281 2168 2387 2240 uti
2434 2174 2763 2267 pergent,
2814 2166 3153 2265 quamdiu
3204 2164 3594 2240 laborantes
3642 2165 3987 2240 instanter
4030 2191 4166 2240 me·

1135 2284 1370 2358 dicum
1431 2284 1779 2384 rogabunt
1835 2286 2221 2360 remedium
2289 2287 2735 2386 propellendo
2799 2285 2980 2360 malo
3000 2343 3020 2373 ,
3084 2308 3223 2383 quo
3284 2293 3575 2358 mortem
3636 2285 3863 2384 ipsam
3920 2293 4167 2383 putant

1133 2429 1282 2480 esse
1333 2405 1676 2480 mitiorem
1726 2413 1798 2479 et
1845 2405 2068 2505 magis
2118 2406 2568 2482 tolerabilem.

1230 2525 1372 2600 Sed
1416 2525 1560 2599 ruit
1600 2525 1768 2600 hora
1809 2534 1882 2600 et
1925 2528 2138 2600 finem
2178 2527 2401 2602 facere
2444 2526 2643 2601 iubet
2693 2525 3025 2615 orationi,
3086 2525 3245 2599 licet
3290 2523 3643 2600 uberrima
3680 2525 3983 2623 supersit
4030 2524 4163 2598 dis-

1135 2647 1408 2721 serendi
1449 2646 1790 2722 materies.
1892 2649 2096 2726 Quae
2137 2648 2276 2722 iam
2309 2645 2919 2748 praetermittenda
2954 2653 3119 2720 sunt
3154 2643 3428 2718 silentio
3448 2703 3467 2733 ‚
3502 2645 3903 2743 praesertim
3946 2669 4165 2743 quum

1137 2765 1414 2840 dicendi
1465 2765 1664 2840 venia
1682 2824 1702 2854 ,
1767 2791 1975 2864 quam
2033 2767 2207 2844 mihi
2252 2767 2583 2855 dedistis,
2648 2766 2849 2840 abuti
2886 2789 3027 2839 non
3076 2765 3297 2839 liceat.
3400 2766 3651 2862 Neque
3686 2765 3859 2840 mihi
3902 2774 4054 2842 erat
4096 2765 4163 2838 in

1131 2885 1500 2984 propositis
1555 2887 1790 2962 omnia
1853 2887 2180 2988 deinceps
2243 2887 2717 2962 enumerando
2768 2889 3119 2962 recensere
3137 2945 3159 2975 ,
3225 2911 3709 2984 quaecumque
3776 2911 3891 2962 ars
3958 2910 4171 2962 manu

1131 3007 1419 3083 curandi
1469 3008 1726 3108 ceperit
1765 3008 2227 3097 incrementa;
2277 3007 2403 3108 qui
2442 3008 2571 3084 hoc
2618 3033 2839 3084 unum
2885 3007 3119 3081 animo
3170 3005 3699 3083 informaveram
3719 3066 3741 3096 ,
3794 3015 3872 3083 ut
3922 3007 4170 3105 princi-

1133 3128 1409 3227 palibus
1473 3129 1960 3205 demonstratis
2024 3130 2222 3205 novis
2266 3130 2543 3205 auxiliis
2561 3189 2580 3219 ‚
2643 3154 2785 3227 quo
2822 3136 3097 3204 nostrae
3144 3129 3391 3203 aetatis
3440 3129 3785 3229 chirurgia
3832 3153 3905 3203 se
3952 3128 4175 3227 ipsam

1133 3248 1531 3339 donaverit,
1581 3249 1732 3324 eius
1777 3250 2269 3325 adumbrarem
2318 3251 2693 3350 imaginem
2738 3257 2809 3325 et
2854 3249 3163 3323 indolem
3204 3249 3659 3325 ostenderem.

1235 3370 1486 3444 Restat
1531 3394 1672 3444 una
1720 3370 2032 3469 quaestio
2080 3395 2300 3468 eaque
2337 3396 2376 3445 e
2421 3370 2843 3469 gravissimis
2857 3428 2878 3458 ‚
2924 3393 3153 3469 neque
3202 3368 3507 3445 detrecto
3556 3370 3647 3445 ad
3690 3394 3847 3445 eam
3890 3394 4171 3468 respon-

1133 3488 1316 3563 dere.
1418 3490 1536 3561 An
1605 3488 1817 3562 etiam
1875 3494 2111 3562 nostra
2163 3488 2387 3586 patria
2445 3489 2690 3563 horum
2760 3486 3143 3586 chirurgiae
3196 3512 3687 3587 progressuum
3730 3496 4003 3587 partem
4054 3489 4171 3565 ali-

1135 3629 1349 3704 quam
1413 3606 1564 3679 iure
1623 3606 1759 3681 sibi
1816 3606 2121 3683 vindicat
2177 3606 2393 3705 inque
2460 3632 2541 3683 ea
2596 3607 3009 3707 praestitum
3056 3614 3165 3681 est
3214 3608 3479 3707 aliquid
3500 3668 3521 3697 ,
3573 3609 3763 3707 quod
3807 3609 3903 3684 ad
3954 3618 4174 3685 artem

1135 3725 1658 3825 doctrinamque
1701 3726 2160 3826 chirurgicam
2209 3727 2659 3803 excolendam
2704 3735 2775 3801 et
2820 3727 3361 3825 promovendam
3405 3726 3629 3803 facere
3676 3729 3895 3827 possit
3914 3732 3949 3803 P
4056 3730 4175 3803 In-

1131 3846 1397 3921 iustum
1463 3845 1639 3921 ferre
1686 3846 2024 3921 iudicium
2085 3854 2156 3921 et
2203 3848 2292 3921 de
2331 3849 2583 3924 merita
2623 3848 3101 3946 chirurgorum
3144 3846 3325 3920 inter
3371 3855 3711 3925 nostrates
3760 3848 4167 3948 degentium

1132 3964 1338 4039 laude
1405 3964 1760 4041 detrahere
1829 3965 2006 4041 mihi
2064 3968 2332 4045 viderer
2352 4028 2371 4057 ‚
2436 3968 2575 4043 nisi
2628 3966 3075 4044 concederem
3115 3990 3355 4041 eorum
3410 3991 3694 4065 quoque
3736 3992 3903 4043 cura
3950 3976 4025 4043 et
4066 3968 4169 4043 i'n-

1137 4084 1404 4159 dustria
1463 4084 1896 4184 aliquantum
1953 4095 2174 4163 artem
2217 4098 2601 4188 promotam
2654 4088 2889 4163 fuisse.
2988 4088 3238 4185 Neque
3280 4087 3533 4162 desunt
3576 4112 3808 4164 rerum
3858 4088 4169 4165 testimo-

1137 4206 1290 4281 nia!
1363 4206 1633 4307 Legite,
1690 4232 1946 4306 quaeso
1969 4266 1988 4295 ,
2042 4209 2554 4285 observationes
2574 4267 2592 4298 ‚
2648 4214 2820 4307 quas
2864 4207 3098 4283 diariis
3139 4207 3423 4283 medicis
3472 4209 3725 4284 nostris
3770 4210 4173 4287 inserendas

1136 4336 1589 4416 curaverunt,
1654 4328 2065 4426 perlustrate
2129 4331 2495 4406 relationes
2552 4330 2831 4405 clinicas
2849 4386 2868 4417 ,
2932 4328 3209 4403 recolite
3252 4312 3485 4403 animo
3542 4329 4033 4429 quodcumque
4084 4327 4177 4407 de

1141 4448 1487 4547 chirurgia
1535 4449 1608 4523 in
1667 4450 1910 4548 patria·
1935 4456 2172 4526 nostra
2211 4450 2477 4551 publici
2518 4450 2691 4524 iuris
2734 4456 2841 4523 est
2882 4447 3143 4523 factum
3164 4506 3183 4536 ‚
3232 4472 3460 4547 neque
3498 4456 3941 4535 cunctanter,
3992 4447 4133 4523 scio
4152 4505 4178 4531 ‚

1141 4591 1368 4643 meam
1405 4593 1512 4642 am
1521 4568 1911 4666 plectemini
1944 4572 2361 4646 sententiam
2377 4630 2397 4659 ‚
2440 4570 2843 4646 affirmantis
2888 4568 3247 4667 chirurgos
3290 4568 3783 4645 Neerlandioos
3820 4566 4177 4641 doctrinae

1140 4709 1183 4758 a
1241 4687 1616 4761 maioribus
1676 4690 1968 4765 traditae
2023 4716 2252 4790 neque
2297 4698 2637 4791 spretores
2680 4714 2829 4764 esse
2874 4713 3101 4787 neque
3150 4690 3329 4765 male
3378 4698 3655 4765 tenaces
3677 4748 3698 4778 ‚
3749 4712 3969 4788 quum
4018 4712 4171 4764 om-

1140 4804 1334 4881 nium
1357 4865 1378 4896 ,
1435 4831 1916 4909 quaecumque
1954 4810 2026 4885 in
2077 4819 2224 4886 arte
2267 4818 2503 4885 nostra
2555 4817 2805 4884 novata
2850 4818 3053 4898 sunt,
3100 4808 3381 4885 inventa
3426 4819 3496 4887 et
3542 4808 3949 4896 emendata,
3994 4807 4175 4886 nihil
