4766 6034
1225 602 1354 700 1⁰51
2420 598 2497 665 11.
2568 597 2639 665 E.
2709 591 3056 667 vnvm:

1213 809 1406 884 dum.
1508 802 1742 885 Quam
1787 804 2028 879 vellem
2047 863 2068 894 ,
2117 812 2197 880 ut
2251 806 2338 880 de
2387 805 2497 881 his
2546 807 2732 882 idem
2781 814 2991 906 atque
3040 807 3129 881 de
3175 804 3687 881 Professoribus
3730 830 4003 907 possem
4050 808 4205 885 affir-

1213 953 1423 1015 mare..
1524 929 1846 1006 Quatuor
1897 934 2135 1001 autem
2189 925 2473 1001 iuvenes
2528 926 2791 1026 egregii
2844 926 2916 1001 et
2958 926 3161 1002 nobis
3182 978 3213 1015 5
3262 924 3335 1002 et
3385 926 3791 1027 parentibus
3844 927 3987 1002 suis
4032 936 4212 1027 atque

1214 1047 1526 1147 cognatis
1579 1053 1802 1123 morte
1855 1045 2102 1121 acerba
2153 1046 2374 1146 erepti
2421 1053 2623 1135 sunt,
2685 1070 2935 1146 nempe
2982 1048 3211 1122 Imus
3258 1047 3484 1122 Mass
3509 1106 3529 1137 ‚
3576 1047 4046 1123 Wmnnnuus
4086 1048 4211 1121 Au-

1214 1190 1532 1243 ·rnomos
1604 1188 1754 1241 van
1821 1167 2126 1256 Doosu,
2199 1167 2613 1241 szmous
2682 1167 2967 1243 Trnnan
3022 1166 3301 1243 V1ssnn
3349 1175 3419 1242 et
3461 1168 3843 1243 Ionamms
3900 1166 4213 1242 cimus

1208 1309 1358 1362 vau
1425 1286 1636 1362 err.
1693 1348 1698 1355 .
1737 1287 1888 1361 Nec
1926 1286 2579 1385 praetermittendus
2620 1294 2727 1360 est
2770 1286 2950 1362 doct.
2994 1287 3193 1363 Eooo
3236 1288 3505 1363 Enna
3526 1346 3547 1377 ,
3592 1311 3804 1389 quem
3828 1346 3849 1377 ,
3890 1287 4022 1362 etsi
4058 1288 4207 1362 Aca·

1209 1405 1480 1481 demiae
1526 1406 1668 1481 iam
1723 1405 2138 1481 valedixerat
2153 1464 2174 1494 ‚
2229 1405 2497 1482 civibus
2540 1412 2773 1481 tamen
2824 1406 2975 1481 eius
3023 1406 3629 1484 adnumerandum
3688 1432 3959 1483 censeo,
4050 1408 4212 1481 Nam

1211 1553 1326 1602 me
1376 1528 1670 1602 Rectore
1689 1585 1710 1615 ‚
1770 1526 2339 1623 dissertationem,
2369 1551 2568 1602 suam
2618 1527 2705 1602 de
2757 1526 3182 1605 Cumanus
3231 1527 3532 1603 Romani
3557 1530 3801 1627 priore
3850 1530 3953 1601 ad
4008 1528 4211 1601 Cotin-

1207 1649 1383 1723 tlcios
1438 1649 1722 1753 epistola
1767 1647 2044 1747 publice
2091 1646 2402 1721 defendit
2421 1706 2441 1735 ‚
2490 1647 2921 1746 summisque
2964 1670 3127 1723 cum
3166 1646 3494 1723 laudibus
3534 1646 3953 1747 Theologiae
4006 1646 4214 1721 doctor

1207 1773 1479 1843 creatus
1523 1775 1660 1855 est,
1723 1758 2093 1841 stationem
2137 1765 2533 1841 desiderans
2586 1775 2799 1866 atque
2840 1774 3248 1867 exspectans
3270 1824 3291 1855 ,
3358 1792 3498 1867 qua
3541 1766 3906 1843 Societatis
3945 1765 4219 1841 Christi·

1209 1911 1382 1962 anae
1441 1886 1822 1963 commodis
1897 1912 1983 1961 ex
2060 1886 2276 1960 animi
2345 1888 2522 1961 votis
2574 1894 2810 1985 posset
2860 1886 3207 1963 inservire.
3310 1885 3451 1961 Sed
3499 1885 3698 1962 aliter
3738 1886 4008 1985 placuit
4062 1886 4215 1985 sapi·

1209 2006 1356 2081 enti
1459 2031 1691 2082 rerum
1787 2013 2176 2081 nostrarum
2251 2006 2697 2085 Moderatori.
2814 2008 3114 2107 Ereptus
3186 2013 3294 2081 est
3376 2005 3509 2081 tibi
3527 2065 3547 2096 ‚
3650 2004 4215 2081 aestumatissime

1205 2126 1515 2202 Enna!
1592 2128 1777 2201 ,E'cco
1812 2133 1978 2201 tuus
2017 2125 2204 2200 filius
2233 2125 2633 2203 dilectissim
2641 2152 2754 2216 us;
2802 2127 2926 2202 sed
2964 2134 3243 2227 ereptus
3277 2150 3418 2202 non
3454 2127 3528 2201 in
3569 2134 4031 2226 perpetuum;
4072 2150 4215 2200 nam

1203 2248 1479 2323 animus
1531 2248 1682 2322 eius
1735 2270 1872 2322 non
1919 2254 1990 2321 te
2037 2246 2360 2321 deserens
2382 2304 2404 2334 ‚
2449 2247 2573 2322 sed
2614 2255 3042 2347 respectans,
3093 2248 3168 2322 in
3218 2272 3301 2323 ea
3335 2248 3483 2323 loca
3518 2246 3877 2335 discessit,
3930 2271 4075 2345 quo
4103 2245 4215 2319 tibi

1203 2369 1341 2467 ipsi
1395 2367 1722 2443 cernebat
1787 2392 1938 2442 esse
1990 2366 2432 2443 veniendum.
2536 2367 2643 2441 Sit
2693 2368 2795 2443 illi
2821 2428 2841 2459 ‚
2902 2368 2993 2444 sit
3048 2368 3291 2445 ceteris
3335 2392 3614 2467 quoque
3661 2366 4021 2443 defunctis
4062 2374 4218 2441 terra

1202 2488 1370 2565 levis
1392 2547 1414 2577 ,
1471 2487 1786 2587 fidesque
1808 2546 1829 2578 ,
1879 2512 2093 2586 quam
2128 2486 2555 2587 praedicavi,
2608 2488 2680 2563 et
2729 2488 2903 2577 tibi,
2950 2487 3020 2563 et
3065 2487 3344 2563 illorum
3384 2487 3695 2587 cognatis
3738 2512 3943 2587 spem
3984 2493 4217 2563 certam

1199 2608 1495 2697 inficiat,
1541 2632 1682 2706 qua
1733 2594 2106 2681 sustentati
2149 2612 2360 2706 atque
2410 2609 2617 2683 erecti
2668 2608 2742 2682 in
2791 2609 2928 2683 Dei
2980 2608 3327 2683 voluntate
3374 2632 3597 2706 aequo
3642 2606 3879 2682 animo
3936 2608 4215 2705 acquies-

1205 2728 1397 2803 catis.
1447 2773 1552 2789 —-
1595 2726 1794 2802 Haec
1853 2726 2112 2828 dicenti
2183 2727 2354 2802 mihi
2412 2728 2745 2805 succurrit
2808 2728 3296 2829 gravissimum
3356 2726 3533 2803 illud
3583 2728 3852 2803 Tunnn
3910 2728 4213 2802 effatum:

1210 2847 1438 2927 nQuis
1487 2854 1594 2923 est
1635 2856 1781 2947 tam
1829 2846 2086 2929 stultus
2105 2907 2125 2938 ‚
2192 2849 2508 2947 quamvis
2560 2849 2653 2924 sit
2706 2850 3103 2925 adolescens
3120 2908 3142 2939 ,
3192 2848 3308 2923 cui
3359 2847 3451 2922 sit
3492 2848 3929 2947 exploratum
3958 2906 3979 2937 ,
4032 2872 4103 2923 se
4142 2845 4217 2919 ad

1206 2993 1607 3070 nvesperam
1649 2992 1800 3044 esse
1849 2968 2293 3044 victurumP'’
2317 2969 2445 3064 ¹⁶⁹)
2548 2969 2909 3044 Utendum
2952 2968 3167 3069 igitur
3204 2977 3311 3046 est
3354 2976 3580 3046 aetate
3601 3029 3623 3059 ‚
3664 2977 3878 3069 atque
3920 2970 4020 3046 ita
4046 2968 4217 3044 insti·

1199 3089 1463 3166 tuenda
1508 3097 1746 3166 nostra
1789 3089 1930 3165 vita
1949 3149 1969 3180 ‚
2025 3097 2104 3164 ut
2161 3088 2234 3164 et
2274 3089 2498 3166 officia
2518 3149 2539 3180 ,
2584 3090 2701 3166 hic
2752 3117 2793 3165 a
2820 3090 3042 3165 nobis
3092 3091 3379 3167 colenda
3401 3149 3421 3180 ‚
3480 3097 3952 3190 praestemus,
3998 3089 4068 3164 et
4120 3113 4217 3163 su·

1201 3210 1504 3286 blimiori
1571 3210 1673 3285 illi
1742 3233 2232 3310 praeparemur
2281 3211 2460 3286 vitae
2480 3269 2501 3299 ‚
2578 3236 2791 3310 quam
2838 3219 2997 3310 post
3038 3219 3429 3288 terrestrem
3474 3211 3653 3287 hanc
3702 3197 3825 3310 spe
3878 3219 4211 3310 exspecta·

1202 3355 1380 3407 mus.
1481 3330 1836 3405 Omnesne
1890 3330 2020 3406 hoc
2065 3353 2336 3429 semper
2373 3330 2705 3405 memoria
2746 3329 3069 3406 tenuistis
3092 3388 3112 3417 ‚
3166 3337 3375 3429 atque
3420 3328 3579 3404 imis
3624 3329 3921 3404 infixum
3966 3327 4210 3404 medul-

1201 3450 1286 3524 lis
1309 3510 1329 3541 ‚
1406 3449 1932 3526 commilitones
1997 3449 2441 3524 amicissimi!
2564 3450 2920 3524 Omnesne
2984 3433 3343 3525 strenuam
3410 3445 3905 3546 assiduamque
3989 3447 4213 3522 studiis

1201 3569 1550 3644 doctrinae
1599 3593 1878 3668 operam
1927 3569 2230 3644 navastis
2252 3628 2273 3657 ,
2330 3569 2899 3669 propositumque
2939 3570 3153 3644 finem
3174 3627 3193 3658 ,
3240 3592 3383 3667 quo
3426 3593 3708 3644 cursum
3754 3567 4053 3668 dirigere
4110 3567 4210 3640 de-

1200 3688 1384 3764 betis
1407 3746 1428 3776 ‚
1475 3687 1801 3763 continue
1845 3695 2006 3762 ante
2048 3689 2282 3764 oculos
2323 3689 2723 3764 habuistis?
2822 3689 3175 3764 Omnesne
3228 3697 3487 3764 vestros
3534 3695 3855 3788 parentes
3915 3713 3995 3763 ac
4037 3711 4207 3786 prae·

1203 3816 1511 3908 ceptores
1575 3807 1760 3883 iusto
1819 3833 2090 3908 semper
2139 3809 2475 3908 obsequio
2527 3816 2598 3884 et
2644 3809 3077 3885 observantia
3122 3809 3479 3885 coluistis?
3577 3808 3696 3882 Ad
3746 3809 3875 3883 has
3922 3809 4206 3906 aliasque

1201 3928 1542 4040 eiusmodi
1593 3927 2028 4027 quaestiones
2079 3928 2217 4027 ipsi
2267 3930 2739 4028 respondeatis
2792 3931 3019 4005 velim.
3117 3930 3483 4028 Equidem.
3512 3928 3689 4004 festo
3731 3929 3863 4003 hoc
3909 3929 4206 4024 laetoque

1202 4051 1316 4124 die
1386 4048 1739 4124 neminem
1819 4054 2125 4124 vestrum
2179 4047 2414 4146 palam
2458 4047 2953 4146 reprehendere
3001 4049 3169 4124 volo.
3268 4049 3363 4122 Et
3416 4072 3582 4122 sane
3633 4071 3857 4148 pauca
3909 4054 4167 4122 tantum
4188 4101 4207 4131 ,

1201 4171 1380 4270 quae
1461 4167 1570 4244 vel
1637 4168 1876 4243 oculis·
1929 4168 2040 4244 vel
2103 4167 2390 4243 auribus
2443 4169 2756 4267 percepi,
2833 4169 2907 4244 in
2956 4169 3193 4267 paucis
3241 4167 3803 4266 reprehendenda
3852 4167 4200 4242 haberem:

1203 4315 1382 4390 quae
1436 4288 1570 4389 ipsi
1619 4288 1758 4364 iam
1776 4345 1798 4378 ‚
1871 4297 1954 4363 ut
1993 4311 2192 4388 spero
2243 4295 2314 4364 et
2361 4287 2633 4364 confido
2654 4345 2677 4376 ,
2726 4313 2887 4363 cum
2934 4289 3149 4364 animi
3196 4288 3460 4389 pudore
3508 4286 3841 4362 memoria
3882 4284 4164 4362 recolitis
4184 4338 4203 4366 2

1118 4439 1127 4447 “
1201 4420 1272 4485 et
1319 4409 1815 4486 condemnatis.
1917 4407 2134 4483 Multi
2180 4416 2363 4484 certe
2418 4415 2721 4484 vestrum
2768 4408 3156 4484 studiorum
3196 4406 3601 4484 assiduitate
3644 4405 3985 4506 bonisque
4020 4401 4203 4479 mori·

1203 4531 1338 4604 bus
1411 4554 1746 4630 magnum
1810 4528 1884 4602 in
1931 4528 2222 4603 modum
2279 4554 2352 4604 se
2405 4529 2997 4604 commendarunt.
3099 4529 3249 4602 Nec
3304 4550 3589 4628 possum
3640 4551 3781 4602 non
3837 4551 3959 4602 vos
4006 4521 4203 4600 nomi·

1203 4649 1424 4724 natim
1501 4649 1824 4736 laudare,
1896 4647 2316 4724 ornatissimi
2385 4672 2533 4724 wiri
2594 4649 3064 4724 Waonumon
3112 4656 3184 4723 et
3232 4648 3541 4722 Haemi!
3598 4670 3892 4747 quorum
3938 4653 4205 4740 uterque

1203 4777 1481 4870 propter
1557 4768 1733 4844 bene
1801 4767 2256 4868 conscriptam
2327 4768 2998 4846 commentationem
3064 4795 3107 4846 a
3164 4767 3671 4844 Professoribus
3716 4761 4166 4864 Groninganis
4183 4817 4202 4848 2
