4766 6034
1883 630 2534 725 ·onArlo‘
3636 654 3727 725 ω

677 863 1132 964 orthopaedia
1197 862 1548 964 operativa
1624 862 1716 939 ad
1789 864 1971 941 hanc
2037 889 2318 967 quoque
2388 868 2659 963 partem
2725 861 3041 939 adhibita
3059 920 3081 953 ,
3153 862 3339 940 felici
3410 887 3735 941 successu

675 985 984 1063 musculi
1049 984 1238 1061 illius
1307 982 1609 1060 sectione
1623 1042 1644 1073 ,
1714 978 2158 1061 strabonibus
2220 1008 2429 1086 opem
2494 983 2768 1074 tulerit;
2845 992 3081 1059 tamen
3146 984 3392 1085 negari
3443 984 3729 1085 nequit,

673 1105 1006 1183 imitandi
1047 1105 1250 1206 quasi
1293 1104 1642 1205 pruritum
1688 1112 1760 1179 et
1803 1105 1916 1181 hic
1959 1105 2269 1181 maximo
2309 1104 2529 1180 fuisse
2563 1104 2982 1181 detrimento
3000 1162 3023 1195 ,
3070 1113 3283 1205 atque
3315 1104 3729 1194 inventioni,

673 1239 860 1327 quae
911 1226 1254 1303 illustrem
1327 1228 1401 1302 in
1461 1225 1810 1326 chirurgia
1871 1228 2222 1327 operativa
2273 1233 2611 1328 perpetuo
2662 1224 3007 1301 obtinebit
3054 1226 3287 1302 locum
3306 1284 3329 1317 ,
3388 1225 3729 1302 obtrecta-

673 1356 862 1425 tores
911 1356 984 1423 et
1031 1348 1454 1424 adversarios
1501 1348 1790 1424 minime
1838 1349 2128 1425 meritae
2175 1348 2532 1424 excitasse.
2890 1448 2899 1455 ¹

775 1470 1070 1544 Utinam
1122 1492 1284 1543 vero
1349 1468 1478 1543 hac
1539 1490 1680 1543 una
1735 1475 2012 1545 tantum
2060 1469 2316 1545 chorda
2359 1474 2546 1543 esset
2589 1465 3027 1542 aberratum!
3132 1466 3275 1541 Sed
3316 1488 3457 1541 non
3504 1466 3731 1541 solum

669 1588 890 1663 nimis
951 1588 1194 1663 sedula
1257 1588 1696 1663 festinatione
1715 1646 1736 1677 ,
1801 1613 1943 1665 non
2003 1590 2230 1665 solum
2275 1614 2352 1664 re
2402 1586 2667 1687 optima
2722 1586 2895 1661 false
2949 1586 3211 1662 utendo
3234 1645 3253 1676 ,
3322 1611 3403 1663 eo
3450 1610 3729 1687 quoque

671 1710 978 1809 graviter
1033 1714 1140 1783 est
1177 1715 1540 1808 peccatum
1562 1766 1583 1797 ,
1643 1710 1834 1807 quod
1877 1712 2112 1800 erant',
2165 1710 2289 1809 qui
2331 1709 2596 1808 aliquot
2654 1707 2992 1783 difformis
3042 1706 3343 1809 corporis
3396 1706 3731 1783 musculis

667 1830 958 1905 insectis
1023 1829 1192 1905 satis
1257 1828 1438 1904 bene
1511 1852 1800 1905 munere
1841 1856 1970 1906 suo
2017 1830 2154 1906 sibi
2199 1830 2598 1905 viderentur
2640 1852 2791 1903 esse
2838 1826 3099 1916 functi,
3166 1851 3295 1902 nec
3338 1850 3725 1927 concoque-

669 1958 834 2025 rent
878 1950 1224 2026 rarissime
1275 1949 1384 2024 vel
1419 1948 1654 2049 potius
1699 1973 2088 2047 numquam
2139 1973 2282 2023 una
2328 1946 2723 2047 operatione
2765 1968 2916 2019 rem
2958 1946 3341 2023 confectam
3360 2004 3379 2034 ,
3431 1946 3557 2020 sed
3588 1944 3729 2020 fere

671 2094 951 2169 semper
1008 2072 1190 2145 viam
1241 2075 1519 2144 tantum
1575 2069 1924 2144 munitam
1965 2094 2150 2158 esse,
2216 2092 2358 2166 qua
2402 2067 2495 2143 ad
2536 2068 2751 2143 finem
2770 2123 2791 2154 ,
2856 2065 3121 2143 idonea·
3158 2091 3287 2143 nec
3337 2066 3733 2155 intermissa

675 2191 1038 2267 curatione
1056 2249 1077 2280 ,
1125 2190 1414 2267 tandem
1465 2190 1839 2289 aliquando
1887 2189 2084 2289 pergi
2131 2187 2374 2287 possit.

773 2308 1218 2385 Enumerabo
1271 2332 1452 2408 quae
1513 2308 1836 2408 chirurgo
1855 2366 1876 2397 ,
1925 2316 2086 2407 post
2123 2305 2413 2382 feliciter
2445 2304 2821 2403 perfectam
2856 2306 3325 2405 operationem
3346 2364 3366 2395 ,
3417 2305 3734 2383 facienda

667 2436 973 2518 restent,
1021 2436 1102 2503 ut
1143 2428 1355 2503 simul
1389 2428 1820 2527 intelligatur
1834 2485 1856 2517 ,
1907 2452 2088 2527 quae
2140 2425 2625 2526 operationum
2674 2426 3319 2525 orthopaedicarum
3365 2425 3732 2525 peculiaris

671 2547 770 2621 sit
826 2572 938 2623 ars
981 2555 1054 2623 et
1102 2550 1291 2624 laus:
1362 2547 1760 2623 adhibenda
1811 2558 1978 2624 sunt
2027 2548 2490 2623 instrumenta
2510 2602 2529 2634 ,
2602 2546 2863 2645 quibus
2924 2546 3327 2637 emendata,
3395 2546 3731 2622 musculis

669 2668 786 2741 vel
825 2668 1232 2744 tendinibus
1278 2669 1608 2767 persectis
1630 2728 1650 2758 ,
1699 2676 1983 2745 artuum
2029 2669 2316 2745 directio
2361 2675 2808 2742 conservetur
2854 2674 2929 2742 et
2984 2667 3352 2744 adiuvetur
3364 2702 3383 2756 ς
3446 2691 3728 2743 cernen-

670 2786 852 2862 dum
908 2793 1018 2862 est
1068 2794 1334 2888 quanta
1400 2812 1577 2887 opus
1637 2789 1728 2864 sit
1771 2790 2122 2890 pressione
2154 2797 2248 2865 .et
2287 2812 2431 2888 quo
2477 2788 2627 2863 1000
2672 2810 2755 2863 ea
2807 2787 2909 2864 ita
2953 2788 3171 2888 possit
3218 2787 3574 2878 adhiberi,
3650 2797 3733 2865 ut

667 2909 1062 3007 aegrotanti
1107 2934 1322 3007 quam
1367 2909 1656 2985 minime
1697 2910 1788 2985 sit
1826 2911 2158 2999 molesta3
2212 2908 2637 2984 stimulanda
2685 2909 3223 3009 suscitandaque
3265 2918 3372 2986 est
3410 2934 3733 2987 vasorum

667 3053 1182 3130 nervorumque
1233 3028 1336 3105 vis
1383 3031 1708 3107 remediis
1761 3031 2148 3131 dynamicis
2191 3037 2262 3106 et
2309 3037 2511 3105 motu
2560 3037 2709 3105 tam
2757 3029 2981 3106 activo
3028 3055 3243 3130 quam
3292 3031 3585 3130 passivo.

775 3149 960 3226 Scite
1007 3151 1224 3251 igitur
1260 3157 1330 3225 et
1373 3151 1868 3252 circumspecte
1918 3150 2262 3226 moderari
2300 3157 2574 3251 oportet
2620 3157 2943 3226 naturam
2976 3159 3049 3225 et
3070 3150 3274 3251 quasi
3312 3157 3727 3250 temperare,

671 3270 802 3369 qni
857 3271 1378 3372 orthopaediam
1421 3273 1842 3372 operativam
1883 3272 2174 3348 feliciter
2231 3277 2302 3346 et
2343 3271 2446 3347 ita
2489 3271 2655 3347 velit
2708 3295 3021 3347 exercere
3041 3329 3061 3360 ,
3111 3277 3191 3345 ut
3236 3270 3372 3345 sibi
3420 3270 3570 3370 ipse
3620 3296 3727 3347 sa-

667 3389 994 3468 tisfaciat.
1093 3392 1243 3472 Qui
1304 3417 1465 3468 vero
1526 3393 1854 3470 omnibus
1921 3392 2300 3468 destitutus
2325 3449 2345 3480 ,
2417 3417 2597 3491 quae
2646 3391 2924 3491 singula
2974 3392 3065 3467 ad
3117 3391 3443 3467 vitiorum
3493 3391 3726 3467 ortho·
3752 3417 3769 3428 *·

667 3511 1122 3610 paedicorum
1181 3511 1610 3590 curationem
1655 3514 2077 3615 operativam
2129 3513 2514 3589 necessario
2563 3511 3013 3612 requiruntur
3026 3571 3047 3600 ,
3116 3517 3375 3588 temere
3429 3513 3727 3588 secando

669 3631 828 3705 eius
882 3633 1158 3731 generis
1223 3633 1484 3708 morbis
1544 3634 1678 3708 sibi
1744 3633 2019 3708 videtur
2081 3656 2284 3732 posse
2349 3631 2653 3721 mederi,
2726 3655 2892 3706 eum
2950 3655 3128 3707 novo
3182 3656 3461 3732 quoque
3518 3637 3727 3722 casu,

669 3751 1100 3849 experientia
1147 3776 1326 3828 novo
1368 3752 1646 3829 docebit
1691 3753 2046 3852 exemplo,
2102 3776 2276 3828 vana
2322 3751 2537 3828 fuisse
2599 3758 2811 3850 atque
2852 3751 3051 3828 irrita
3096 3753 3481 3829 conamina.
3588 3753 3730 3828 Sed

671 3870 787 3945 vel
836 3871 936 3946 sic
999 3879 1232 3948 tamen
1283 3871 1518 3947 minus
1583 3872 1768 3948 felici
1807 3874 2102 3950 istorum
2155 3873 2332 3950 nihil
2385 3898 2523 3948 non
2583 3871 2995 3949 audentium
3068 3873 3143 3948 in
3205 3873 3553 3974 plerisque
3616 3897 3727 3950 ea-

673 3989 876 4064 sibus
925 4015 1252 4067 successu
1310 3992 1387 4066 id
1429 3993 1675 4068 saltem
1719 3993 1966 4070 lucrati
2014 4018 2298 4082 sumus,
2365 4000 2450 4068 ut
2496 3992 2886 4093 lapidibus,
2948 3993 3245 4093 cognitis
3295 3994 3613 4093 quibus
3592 4018 3725 4070 im-

671 4110 878 4210 pingi
942 4112 1242 4202 soleant,
1311 4113 1784 4213 prudentius
1761 4139 1905 4190 lam
1947 4121 2158 4249 atque
2182 4112 2466 4188 cautius
2508 4113 2803 4212 singulis
2836 4112 3097 4188 morbis
3139 4138 3390 4190 novam
3434 4113 3726 4189 sanandi

671 4231 1090 4307 methodum
1135 4233 1586 4333 adaptemus,
1656 4258 1872 4334 quam
1918 4234 2046 4308 viri
2093 4232 2519 4334 sagacissimi
2556 4231 2815 4308 sollerti
2856 4257 3023 4308 cura
3061 4233 3432 4333 faustoque
3471 4238 3724 4307 eventu

673 4351 1128 4428 excoluerunt
1177 4361 1249 4427 et
1290 4353 1790 4431 stabiliverunt.
1889 4354 2218 4430 Virorum
2283 4353 2815 4429 clarissimorum
2858 4353 3721 4442 Sraonrna,Gura1n,

669 4471 1208 4548 Dmrrnrmacn
1229 4532 1250 4563 ,
1298 4474 1614 4564 errnn,
1663 4475 2046 4566 Boumn,
2089 4477 2369 4550 Duvan
2410 4471 2757 4548 indefessa
2793 4471 3138 4546 industria
3181 4471 3416 4571 quid
3392 4496 3467 4546 1n
3505 4472 3721 4546 Fran·

625 4669 637 4676 ,
675 4591 788 4666 cia
807 4649 830 4680 ,
885 4593 1262 4669 Germania
1278 4653 1300 4684 ,
1343 4595 1602 4695 Anglia
1622 4653 1643 4684 ,
1691 4620 1822 4672 nec
1867 4621 2009 4672 non
2061 4594 2251 4696 apud
2293 4599 2633 4669 nostrates
2676 4615 2916 4668 eorum
2955 4591 3245 4692 vestigia
3280 4599 3553 4668 secutos
3566 4649 3587 4682 ‚
3636 4590 3728 4666 sit

669 4712 1094 4811 praestitum
1137 4715 1212 4790 in
1252 4715 1504 4815 vulgus
1550 4723 1796 4791 notum
1839 4726 1948 4792 est
1965 4775 1986 4806 ,
2053 4739 2282 4816 neque
2328 4715 2689 4814 ignoratur
2731 4713 3253 4813 orthopaediam
3298 4713 3721 4815 operativum

669 4831 752 4906 in
797 4832 948 4909 dies
993 4835 1190 4912 novis
1233 4835 1440 4911 ditari
1481 4834 2024 4914 accessionibus:
2097 4837 2298 4914 euius
2333 4835 2437 4911 rei
2492 4834 2766 4935 insigne
2808 4833 3307 4912 documentum
3345 4841 3453 4910 est
3496 4841 3719 4910 osteo·
