4766 6034
967 637 1094 700 124

1999 635 2272 703 ACTA
2342 637 2455 703 IN
2518 635 2963 704 SENATU.

979 845 1114 918 Die
1169 850 1260 918 14
1319 870 1416 920 m.
1463 842 1842 918 Februarii.
1943 842 2199 919 Rector
2249 846 2342 921 ad
2394 846 2731 922 Senatum
2776 844 3033 933 desert,
3080 869 3121 919 e
3168 845 3423 922 Literis
3464 873 3509 922 a
3558 847 4027 924 Curatoribus

1313 965 1494 1040 datis
1549 989 1908 1065 apparere,
1972 965 2222 1041 Virum
2271 967 2453 1042 Clar.
2510 969 2570 1042 Ι.
2618 967 2701 1042 C.
2752 967 3237 1042 Swronmsau
3294 969 3816 1043 Gaonnawoun
3858 993 4023 1068 pro-

1315 1093 1472 1186 pter
1537 1093 1836 1161 aetatem
1907 1087 2507 1186 septuagenariam
2570 1087 2871 1164 Decreto
2920 1085 3146 1186 Regio
3202 1111 3245 1162 a
3300 1086 3415 1163 die
3470 1093 3521 1162 l·
3564 1113 3659 1164 m.
3710 1089 4038 1174 Ianuarii,

1312 1233 1375 1282 a.
1433 1209 1619 1281 1855
1665 1205 1841 1281 rude
1889 1206 2224 1281 donatum
2272 1231 2445 1283 esse.

1413 1445 1703 1521 Senatui
1754 1446 1980 1545 placet
2030 1447 2308 1521 honoris
2359 1471 2573 1522 causa
2632 1471 2943 1522 summos
2986 1447 3062 1520 in
3108 1446 3465 1522 Medicina
3510 1447 3801 1521 honores
3852 1470 4023 1522 con·

1315 1569 1490 1644 ferre
1537 1567 1613 1641 in
1666 1566 1916 1640 Virum
1973 1567 2475 1641 Doctissimum
2529 1568 2843 1642 Parnon
2888 1567 3247 1641 Bmxnn
3263 1625 3286 1655 ,
3356 1591 3443 1641 ex
3492 1565 3749 1666 oppido
3794 1566 4025 1641 Zaan-

1315 1689 1476 1762 dam
1495 1747 1516 1776 ‚
1576 1687 1977 1762 Matheseos
2033 1687 2457 1787 Magistrum
2517 1686 3001 1787 Philosophiae
3063 1687 3419 1762 Naturalis
3476 1685 3755 1761 honoris
3810 1711 4030 1760 eausa

1314 1811 1688 1884 Doctorem
1735 1814 1806 1881 et
1844 1806 2188 1882 Medicum
2237 1806 2609 1882 militarem
2650 1806 2727 1882 in
2768 1807 3011 1882 Insula
3065 1808 3231 1883 Iava
3282 1805 3709 1908 primarium.

1413 2025 1890 2124 Designantur
1937 2031 2238 2123 quatuor
2279 2024 2441 2114 viri,
2492 2051 2531 2101 e
2576 2023 2835 2126 quibus
2878 2051 2921 2100 a
2960 2025 3157 2126 Rege
3196 2022 3719 2126 Augustissimo
3766 2023 4037 2099 Rector-

1314 2148 1387 2221 in
1435 2145 1828 2246 proximum
1878 2169 2140 2219 annum
2191 2145 2523 2246 eligatur.

1359 2290 1464 2364 Ex
1515 2287 1780 2363 Ordine
1826 2285 2133 2362 Iuridico
2966 2289 3025 2362 I.
3076 2311 3227 2361 un
3275 2287 3521 2362 Ham..

1830 2407 2011 2484 Phil.
2061 2408 2312 2484 Theor.
2363 2415 2438 2483 et
2484 2406 2623 2484 Lit.
2672 2405 2893 2484 Hum.
2974 2409 3062 2482 A.
3114 2429 3263 2480 van
3314 2407 3798 2481 Gonnonvna.

1833 2527 2270 2603 Medicorum
2964 2527 3049 2604 L.
3100 2526 3182 2603 C.
3242 2549 3391 2600 van
3440 2527 3925 2604 Gonnomn.

1825 2646 2055 2722 Math.
2108 2654 2180 2721 et
2226 2646 2409 2723 Phil.
2458 2647 2624 2722 Nat.
2972 2647 3054 2723 P.
3104 2645 3481 2721 Hammo.

1410 2863 1888 2964 Designantur
1952 2864 2164 2940 etiam
2231 2873 2531 2966 quatuor
2600 2863 2732 2941 viri
2748 2922 2771 2955 ,
2838 2889 2881 2938 e
2943 2863 3203 2965 quibus
3268 2863 3567 2938 Senatus
3622 2860 4041 2938 Academici

1317 2983 1769 3087 Graphiarius
1815 2985 2132 3087 eligatur.

1359 3129 1469 3203 Ex
1518 3128 1784 3204 Ordine
1833 3128 2246 3229 Theologioo
2968 3126 3069 3203 H.
3118 3126 3202 3202 E.
3254 3124 3523 3201 Vnum.

1829 3249 2136 3326 Iuridico
2970 3249 3061 3323 A.
3112 3246 3195 3323 0.
3250 3246 3629 3334 Hormus,

3162 3365 3319 3442 loco
3358 3365 3541 3440 Clar.
3594 3386 3741 3439 van
3772 3363 4039 3439 Ham..

1833 3488 2012 3566 Phil.
2064 3488 2310 3566 Theor.
2362 3496 2436 3564 et
2480 3488 2621 3565 Lit.
2670 3485 2893 3565 Hum.
2971 3485 3063 3561 A.
3114 3508 3264 3560 vau
3312 3486 3793 3561 Gonnonvna.

1830 3608 2060 3685 Math.
2111 3618 2183 3685 et
2229 3610 2410 3686 Phil.
2461 3611 2629 3685 Nat.
2973 3606 3057 3682 C.
3091 3604 3190 3684 H.
3232 3605 3325 3682 D.
3366 3604 3553 3681 Burs
3592 3606 3925 3683 Bannow.

1312 3824 1718 3899 Assessores
1765 3826 2319 3902 constituuntur:

1287 4031 1294 4078 Ι
1361 3964 1472 4038 Ex
1519 3964 1785 4040 Ordine
1831 3964 2014 4045 Phil.
2062 3966 2305 4043 Theor.
2357 3975 2430 4043 et
2476 3966 2613 4042 Lit.
2666 3966 2887 4043 Hum.
2958 3966 3045 4042 L.
3094 3968 3183 4042 G.
3238 3968 3621 4041 Vrsscmza.

1553 4114 1591 4155 tt
1830 4086 2270 4165 Medicorum
2960 4086 3045 4162 L.
3096 4087 3178 4163 C.
3236 4110 3385 4160 van
3434 4088 3915 4161 Gonnonvna.

1824 4208 2050 4285 Math.
2100 4217 2173 4284 et
2217 4208 2399 4283 Phil.
2450 4209 2615 4283 Nat.
2954 4208 3091 4281 Ta.
3112 4208 3199 4281 G.
3212 4206 3617 4282 VAanrn
3632 4204 4021 4281 nanunn.

1833 4324 2246 4427 Theologico
2960 4326 3045 4403 B.
3098 4349 3241 4401 'rna
3286 4326 3537 4402 HAAn.
