4766 6034
233 5919 474 5983 A

1209 583 1341 652 292
2434 585 2507 652 E.
2574 585 2648 694 J,
2700 584 3081 666 KIEHL,

1217 791 1328 867 vel
1365 815 1530 869 eum
1549 851 1570 884 ,
1619 792 1743 892 qui
1787 795 2262 870 Aacnmms
2315 791 2453 868 sibi
2502 798 2577 868 et
2613 793 2969 870 Eucmms
3016 792 3415 892 exemplum
3462 794 3897 893 sequendum
3944 801 4207 898 ceperit,

1216 909 1327 984 his
1371 909 1617 987 litteris
1633 969 1655 1000 ,
1705 911 1798 988 ad
1839 911 2066 1012 ipsam
2111 936 2312 988 suam
2354 919 2577 988 artem
2624 936 2671 987 a
2706 911 2951 988 ceteris
3004 935 3288 1013 prorsus
3336 922 3768 1013 segregatam
3781 973 3803 1004 ,
3852 917 3917 990 si
3962 925 4209 994 tantum

1215 1030 1516 1130 separari
1554 1038 1738 1106 recte
1784 1030 2088 1130 potuerit
2104 1088 2126 1121 ,
2195 1040 2268 1107 et
2311 1031 2729 1130 antiquitate
2770 1055 2914 1107 non
2958 1031 3295 1131 indigere.
3392 1033 3805 1110 Eximantur
3846 1036 4057 1136 igitur
4096 1037 4211 1114 hae

1216 1147 1618 1250 discipliuae
1667 1175 2042 1250 earumque
2089 1159 2493 1241 sectaturae,
2545 1151 2670 1226 sed
2712 1175 2854 1226 non
2902 1159 3277 1250 antequam
3318 1151 3508 1251 ipsas
3545 1154 3698 1230 illas
3744 1165 3931 1232 artes
3982 1158 4209 1234 immu-

1211 1267 1411 1344 tabili
1454 1269 1806 1348 voluntate
1847 1270 1984 1346 sibi
2026 1270 2447 1371 delegerint.
2507 1270 2959 1346 retinebimus
3002 1278 3241 1346 contra
3286 1271 3481 1348 omni
3526 1273 3598 1348 vi
3653 1274 3974 1367 eosdem,
4021 1277 4210 1352 donec

1213 1396 1644 1489 compertum
1683 1389 1826 1464 iam
1873 1389 2002 1478 sit,
2052 1414 2265 1488 quam
2307 1388 2489 1464 vitae
2516 1414 2725 1464 usum
2764 1397 2837 1466 et
2870 1390 3209 1466 rationem
3238 1390 3375 1467 sibi
3400 1395 3903 1492 proposuerint.
3966 1396 4210 1474 Deinde

1215 1508 1345 1584 hoc
1409 1509 1622 1584 etiam
1681 1508 2067 1585 cavendum
2135 1517 2284 1600 est,
2355 1471 2547 1610 qu'od
2608 1508 2760 1584 fien'
2810 1510 3165 1588 interdum
3210 1511 3426 1601 solet,
3486 1512 3791 1589 laborem
3836 1514 3947 1590 his
3992 1516 4213 1590 litteris

1213 1628 1692 1704 adhibendum
1762 1627 2058 1704 fastidiri
2117 1653 2162 1703 a
2229 1629 2693 1728 quibusdam,
2762 1653 2904 1706 non
2972 1631 3139 1730 quia
3189 1630 3603 1720 litterarius,
3668 1633 3793 1708 sed
3836 1634 4005 1733 quia
4046 1635 4215 1710 labor

1212 1755 1360 1836 est3
1427 1747 1540 1823 his
1601 1748 1820 1848 igitur
1877 1747 2054 1823 fides
2111 1771 2252 1822 uon
2306 1757 2415 1824 est
2471 1749 2790 1826 habenda
2850 1757 3225 1851 antequam
3268 1750 3483 1826 alium
3522 1749 3662 1826 sibi
3705 1776 4079 1852 quemnam
4094 1810 4115 1843 ,
4156 1763 4213 1827 et

1212 1866 1601 1967 digniorem
1619 1926 1642 1956 ,
1707 1891 1936 1966 neque
1993 1867 2202 1942 nimis
2252 1866 2525 1945 facilem
2570 1867 2877 1944 laborem
2925 1867 3307 1967 delegerint
3351 1867 3428 1941 in
3472 1867 3713 1944 reiecti
3758 1870 3980 1944 nostri
4026 1871 4217 1946 studii

1209 1989 1458 2063 locum.
1557 1989 1674 2062 An
1719 1987 1938 2087 igitur
1981 1987 2114 2062 hoc
2151 1987 2493 2085 optabile,
2542 1993 2626 2063 ut
2670 1995 2743 2063 et
2792 1987 3105 2062 homines
3156 2011 3463 2086 semper,
3511 1995 3585 2062 et
3627 1989 3847 2064 teneri
3891 1989 4217 2090 imprimis

1209 2107 1410 2205 pueri
1481 2105 1795 2182 laborent
1810 2109 1846 2182 Ρ
1937 2107 2052 2182 Ita
2111 2131 2270 2183 vero
2331 2115 2476 2196 est,
2538 2106 2927 2197 auditores,
2991 2106 3375 2182 dummodo
3430 2131 3521 2181 ne
3584 2107 3699 2182 hic
3742 2133 4025 2209 quoque
4064 2109 4214 2184 obli·

1208 2229 1590 2316 viscamur,
1658 2250 1838 2327 quae
1899 2225 2124 2302 solent
2185 2227 2273 2302 de
2325 2227 2535 2303 noxia
2598 2251 2873 2326 quaque
2918 2251 2994 2302 re
3036 2226 3269 2302 nimia
3318 2227 3741 2327 pervulgari.
3838 2229 4003 2328 Ipse
4054 2228 4219 2304 enim

1204 2346 1320 2422 ille
1367 2355 1474 2422 est
1520 2328 1752 2438 lab'or,
1800 2347 1928 2447 qui
1967 2347 2284 2423 animum
2317 2327 2720 2424 informabit
2758 2354 2833 2422 et
2867 2346 3167 2447 expoliet
3204 2369 3823 2446 unumquemque,
3868 2371 3995 2446 per
4030 2373 4221 2447 quem

1201 2465 1343 2541 fere
1388 2489 1609 2542 unum
1651 2489 1886 2541 revera
1927 2464 2280 2543 lucramur
2320 2465 2627 2566 aliquid,
2676 2463 2869 2564 quod
2904 2487 3047 2538 non
3087 2463 3240 2538 ad
3216 2488 3443 2562 ipsam
3488 2467 3849 2542 materiem
3892 2468 4217 2566 pertinet,

1079 2617 1091 2631 ·
1195 2587 1260 2658 is
1315 2587 1606 2662 demum
1663 2575 1756 2663 οὗ
1805 2586 2191 2664 πωλοῦσιν
2233 2591 2429 2684 ἡμῖν
2470 2585 2729 2662 πάντα
2776 2581 3066 2686 τάγάθ’
3112 2591 3203 2660 οἱ
3240 2587 3435 2662 θεοί.
3540 2585 3680 2660 His
3724 2585 3943 2686 igitur
3988 2611 4217 2686 excep·

1193 2707 1288 2779 tis
1306 2763 1329 2794 ,
1376 2706 1519 2782 iam
1559 2706 1637 2781 id
1677 2707 1788 2782 aio
1827 2706 2358 2782 saluberrimum
2398 2729 2551 2780 esse
2597 2705 2923 2781 omnibus
2957 2703 3069 2779 his
3082 2761 3105 2794 ,
3156 2703 3283 2804 qui
3308 2704 3734 2782 curriculum
3762 2705 4221 2782 academicum

1201 2831 1368 2900 sunt
1423 2849 1588 2901 mox
1645 2824 2024 2926 ingressuri
2041 2883 2062 2918 ,
2134 2833 2216 2902 ut
2277 2833 2635 2902 serventur
2684 2824 3249 2924 retineanturque
3311 2848 3571 2925 magna
3617 2849 3705 2900 ex
3752 2833 3949 2925 parte
4002 2825 4221 2902 studia

1199 2945 1372 3023 haec
1441 2945 1873 3045 antiquitatis
1887 3003 1909 3037 ,
1972 2952 2045 3021 et
2100 2944 2189 3021 iis
2240 2945 2527 3024 omnino
2541 3003 2563 3037 ,
2612 2945 2737 3047 qui
2779 2943 3139 3023 historicas
3182 2951 3265 3021 ut
3314 2943 3414 3021 ita
3456 2945 3683 3022 dicam
3700 3001 3721 3035 ,
3770 2943 3915 3021 sive
3958 2969 4221 3022 morum

1197 3064 1596 3165 disciplinas
1634 3065 2098 3157 exercebunt,
2147 3067 2274 3167 qui
2313 3066 2522 3142 sacris
2561 3064 2945 3167 fungentur
2980 3062 3381 3139 ministeriis
3403 3119 3424 3152 ,
3455 3070 3577 3139 aut
3608 3063 3684 3139 in
3711 3062 3865 3139 iure
3889 3064 4219 3151 dicundo,

1197 3186 1306 3260 vel
1377 3210 1462 3261 ea
1476 3245 1496 3276 ,
1565 3186 1658 3263 de
1723 3210 1866 3286 qua
1926 3186 2227 3262 dicimus
2245 3244 2266 3277 ,
2331 3179 2693 3262 iuventute
2736 3176 3167 3261 instituenda
3216 3182 3721 3273 versabuntur-3
3782 3182 3857 3257 hi
3904 3184 4217 3272 omnino,

1195 3313 1279 3379 ut
1339 3306 1738 3382 etiamnunc
1799 3307 1884 3381 fit
1927 3314 2000 3381 et
2047 3306 2303 3383 frustra
2350 3311 2796 3405 oppugnatur
2811 3361 2834 3394 ,
2889 3302 3089 3379 aliter
3130 3301 3269 3378 nisi
3311 3300 3561 3378 litteris
3614 3301 3925 3401 antiquis
3970 3304 4217 3379 exerci-

1197 3425 1332 3499 tari
1376 3426 1450 3501 in
1499 3425 1688 3502 dulci
1731 3427 2014 3503 iuventa
2059 3450 2200 3503 non
2247 3433 2581 3526 possunt,
2628 3432 2702 3501 et
2749 3424 2873 3499 diu
2918 3423 3052 3499 erit
3096 3430 3469 3524 antequam
3518 3422 3897 3522 potuerint.

1295 3545 1374 3619 H
1377 3570 1496 3621 aec
1529 3546 1748 3646 igitur
1785 3547 1846 3623 si
1888 3548 2151 3625 evicero
2170 3604 2193 3638 ,
2239 3546 2382 3621 iam
2426 3544 2831 3620 facillimum
2870 3550 2979 3619 est
2994 3600 3017 3633 ,
3065 3550 3151 3617 ut
3183 3542 3371 3619 hisce
3389 3600 3411 3631 ,
3461 3543 3549 3619 de
3590 3542 3851 3642 quibus
3878 3550 4215 3643 postremo

1199 3663 1386 3753 dixi,
1452 3665 1545 3740 ad
1609 3689 1868 3741 munus
1911 3668 2118 3743 etiam
2168 3665 2485 3741 futurum
2511 3663 2811 3740 omnino
2830 3708 2839 3719 ·
2858 3662 3239 3739 necessaria
3284 3686 3437 3739 esse
3488 3662 3659 3739 haec
3708 3662 3943 3739 studia
3992 3670 4211 3737 osten·

1199 3783 1364 3859 dam
1431 3782 1828 3885 unicuique.
1926 3784 2202 3885 Nempe
2258 3808 2342 3859 eo
2402 3784 2545 3859 iam
2590 3781 3029 3883 pervenimus
3046 3838 3067 3873 ,
3118 3790 3199 3856 ut
3238 3780 3553 3857 universe
3606 3781 3695 3858 de
3740 3779 3968 3857 tribus
3986 3844 4001 3855 .
4020 3780 4213 3855 disci·

1192 3902 1402 4003 plinis
1420 3958 1442 3991 ,
1493 3928 1670 4004 quas
1719 3904 2120 4004 nuncupavi
2135 3962 2158 3995 ,
2215 3927 2356 3979 non
2404 3902 2603 3979 facile
2648 3900 3123 3979 adversabitur
3158 3901 3297 3977 nisi
3338 3924 3524 3977 unus
3566 3909 3639 3976 et
3684 3901 3860 3977 alter
3878 3959 3901 3991 ,
3949 3901 4101 4000 ipse
4140 3908 4213 3973 ut

1195 4023 1502 4101 multum
1567 4048 1800 4100 vereor
1855 4024 2294 4124 antiquitatis
2357 4022 2555 4101 haud
2607 4021 2905 4099 nimium
2950 4020 3237 4122 peritus.
3340 4020 3631 4121 Singula
3674 4027 3911 4097 autem
3968 4028 4043 4095 et
4090 4019 4208 4093 mi·

1115 4183 1145 4206 ο
1194 4142 1470 4231 nutiora
1536 4150 1692 4219 tum
1753 4143 1846 4218 ab
1903 4143 2036 4220 hoc
2098 4144 2248 4220 loco
2305 4150 2380 4219 et
2426 4143 2555 4219 hae
2597 4143 2767 4219 hora
2808 4142 2951 4218 fere
2991 4142 3217 4218 aliena
3262 4148 3469 4231 sunt,
3518 4164 3647 4215 nec
3690 4139 3891 4215 facile
3942 4162 4207 4237 compo·

1137 4334 1151 4355 ,
1191 4270 1468 4340 nentur.
1565 4263 2050 4339 Concedamus
2117 4263 2309 4339 verbi
2349 4262 2579 4339 “causa
2642 4261 2820 4339 illud
2836 4320 2859 4353 ,
2928 4263 3193 4337 Graeca
3260 4258 3761 4337 iurisconsultis
3780 4316 3802 4349 ,
3880 4258 4211 4356 theologis

1188 4382 1508 4459 Romana
1578 4406 1720 4459 non
1801 4407 1952 4459 esse
2013 4381 2328 4459 eiusdem
2401 4382 2739 4458 momenti
2802 4388 3016 4482 atque
3073 4381 3288 4457 altera
3304 4438 3327 4471 ,
3391 4388 3469 4456 at
3518 4380 3688 4457 haec
3738 4402 3969 4479 neque
4019 4376 4207 4453 facile

1187 4526 1416 4602 neque
1490 4502 1754 4579 utiliter
1821 4502 2327 4603 separabuntur
2344 4561 2366 4593 ,
2438 4510 2513 4581 et
2574 4526 2694 4579 vos
2762 4501 3050 4578 tandem
3115 4524 3160 4576 o
3230 4499 3502 4600 queruli
3572 4522 3806 4575 nonne
3873 4496 4205 4598 permulta

1185 4624 1395 4735 agitis
1455 4623 1626 4713 alia.
1651 4624 1940 4701 minime
1997 4621 2380 4701 necessaria
2440 4631 2514 4699 et
2560 4620 2835 4699 inutilia
2878 4617 3168 4698 fortasse
3186 4676 3209 4711 ,
3256 4644 3386 4699 nec
3430 4626 3843 4697 succurrunt
3900 4616 4209 4717 querelae

1185 4745 1320 4819 nisi
1369 4768 1534 4821 cum
1589 4743 1928 4821 excultior
1973 4744 2228 4821 frustra
2273 4741 2551 4821 animus
2597 4742 2788 4820 lucro
2836 4740 3094 4819 datur?
