4766 6034
1857 622 2415 695 ORATIO.
2833 612 2844 617 ⁶
3565 619 3650 686 85

612 836 862 933 Itaque
913 832 1157 932 quanti
1210 831 1525 919 intersit,
1575 832 1943 934 Euangelii
1990 832 2400 907 Ministrum
2449 830 2542 905 ad
2587 854 2847 905 munus
2904 851 3112 903 suum
3165 827 3344 905 bene
3392 827 3650 903 instru-

611 964 804 1027 ctum
868 978 1019 1027 esse
1038 1011 1059 1041 ,
1124 952 1389 1027 nemini
1434 939 1732 1028 dubium
1788 978 1937 1027 esse
1992 960 2241 1051 potest.
2340 952 2529 1025 Nam
2585 951 2716 1025 hoc
2761 974 3020 1023 munus
3075 972 3304 1023 nonne
3359 974 3654 1023 summae

610 1080 719 1147 est
760 1072 1173 1171 gravitatis?
1242 1072 1495 1145 Nonne
1547 1073 1943 1147 mortalium
1988 1078 2253 1170 spectat
2294 1095 2405 1144 res
2451 1070 2946 1167 gravissimas?
3019 1070 3274 1143 Nonne
3321 1068 3452 1143 hoc
3487 1092 3650 1143 con·

614 1193 765 1267 silio
823 1192 1227 1266 institutum
1288 1203 1437 1279 est,
1504 1200 1587 1265 ut
1651 1192 1965 1267 homines
2011 1191 2102 1265 ad
2158 1192 2373 1265 vitam
2429 1213 2583 1263 vere
2635 1190 3100 1264 Christianam
3147 1189 3656 1287 perducantur,

614 1322 823 1410 atque
882 1312 983 1385 ita
1032 1336 1075 1385 a
1117 1318 1399 1409 peccato
1448 1310 1739 1409 eiusque
1790 1310 2067 1385 miseria
2112 1310 2491 1383 liberentur
2538 1309 2828 1407 Deoque
2873 1308 3352 1395 concilientur3
3406 1308 3652 1383 verbo:

616 1440 696 1505 ut
743 1456 969 1530 genus
1014 1414 1399 1505 humanum
1450 1455 1725 1505 summa
1764 1456 1986 1529 eaque
2025 1436 2304 1505 aeterna
2344 1429 2675 1503 beatitate
2720 1430 3209 1527 impertiatur?
3285 1428 3352 1501 O
3397 1427 3657 1527 gravis-

618 1551 863 1625 simam
908 1550 1273 1648 Euangelii
1314 1550 2018 1638 administrationem,
2068 1576 2210 1649 qua
2253 1550 2330 1624 id
2372 1549 2605 1647 ipsum
2645 1550 2914 1648 agitur,
2963 1549 3161 1623 cuius
3201 1572 3410 1623 causa
3452 1547 3662 1621 Pater

618 1670 951 1743 Coelestis
996 1694 1085 1742 ne
1133 1668 1311 1743 Filio
1355 1670 1641 1767 quidem
1687 1696 1813 1745 suo
1863 1670 2209 1769 pepercit,
2262 1676 2333 1743 et
2387 1669 2528 1743 Hic
2581 1669 2766 1767 ipse,
2817 1693 3244 1766 quamquam
3281 1666 3660 1767 imaginem

616 1790 751 1863 Dei
791 1788 1017 1865 ferens
1038 1847 1058 1876 ,
1109 1812 1182 1861 se
1230 1789 1564 1887 depressit
1605 1790 1919 1888 servique
1960 1790 2261 1888 imagine
2306 1798 2628 1888 suscepta
2647 1848 2668 1877 ,
2713 1788 3154 1863 obedientem
3201 1814 3274 1862 se
3321 1787 3664 1887 praestitit

618 1933 841 2007 usque
902 1908 994 1983 ad
1045 1916 1340 1982 mortem
1404 1909 1665 1983 crucis:
1734 1908 1933 1983 cuius
1998 1933 2207 1983 causa
2259 1907 2522 2011 laetitia
2567 1915 2674 1981 est
2722 1907 2904 1980 inter
2945 1905 3298 1979 coelicolas
3318 1963 3337 1993 ,
3389 1905 3513 1977 ubi
3555 1905 3664 1979 vel

618 2053 841 2103 unum
885 2028 1235 2102 hominem
1272 2028 1788 2127 resipiscentem
1826 2028 2418 2127 contemplanturl
2497 2028 2562 2100 O
2606 2025 3094 2124 cogitationem
3116 2083 3136 2112 ‚
3190 2050 3330 2123 qua
3376 2024 3668 2123 erigitur
3694 2074 3714 2089 ·

620 2150 933 2225 animus:
1004 2148 1357 2222 hominem
1379 2207 1400 2235 ,
1462 2148 1696 2245 ipsum
1766 2156 1937 2221 ante·
1982 2148 2121 2221 Dei
2182 2147 2418 2221 oculos
2471 2145 2760 2221 maculis
2816 2169 2956 2218 non
3013 2169 3349 2233 vacuum,
3400 2143 3664 2229 vocari,

622 2279 702 2342 ut
760 2268 913 2343 aliis
972 2268 1115 2341 dux
1176 2268 1429 2344 existat
1484 2268 1575 2363 ad
1636 2266 1848 2341 vitam
1904 2268 2293 2341 aeternam!
2370 2266 2686 2339 Profecto
2706 2324 2725 2353 ,
2776 2264 2967 2339 haud
3022 2264 3318 2351 mirum,
3366 2263 3667 2337 Paulum

621 2388 1036 2487 Apostolum
1094 2388 1365 2461 Munus
1432 2387 1719 2461 Sacrum
1786 2386 2044 2461 dixisse
2073 2394 2450 2485 praestans
2496 2411 2659 2483 opus
2705 2388 2764 2476 ¹)
2791 2443 2810 2473 ,
2860 2391 2930 2458 et
2976 2384 3348 2483 gloriatum
3393 2407 3542 2457 esse
3590 2382 3680 2485 in-

620 2507 990 2607 Euangelii
1034 2506 1495 2581 annuntiandi
1545 2508 1767 2607 gratia
1812 2507 1947 2581 sibi
1994 2504 2156 2581 data
2194 2508 2300 2599 ²)!
2374 2504 2512 2578 Sed
2554 2504 2677 2578 ubi
2717 2528 3064 2579 summam
3105 2503 3314 2579 huius
3361 2503 3667 2578 muneris
3785 2586 3796 2597 ,

622 2627 1030 2727 gravitatem
1092 2627 1539 2703 observamus
1560 2686 1579 2715 ,
1660 2651 1789 2700 nec
1858 2626 1989 2701 hoc
2053 2626 2287 2701 mirari
2355 2649 2728 2724 possumus
2749 2682 2770 2712 ,
2843 2649 2934 2699 ne
3005 2624 3322 2723 exempla
3383 2623 3668 2721 quidem

625 2750 865 2822 deesse
943 2772 1179 2821 eorum
1204 2806 1223 2835 ,
1300 2748 1426 2845 qui
1492 2749 1761 2821 Munus
1843 2747 2125 2821 Sacrum
2145 2806 2165 2835 ‚
2245 2770 2674 2845 quamquam
2743 2745 2921 2820 illud
2991 2744 3429 2818 vehementer
3480 2742 3671 2817 obire
3771 2818 3775 2826 ,

623 2874 957 2967 cuperent
975 2926 995 2955 ,
1062 2876 1297 2942 tamen
1355 2868 1549 2943 nullo
1610 2867 1820 2940 modo
1887 2867 2231 2965 suscipere
2298 2866 2453 2941 ausi
2503 2866 2664 2939 sint.
2767 2862 2988 2938 Valde
3042 2863 3328 2961 quidem
3375 2862 3458 2937 iis
3507 2862 3672 2937 arri-

626 2986 838 3062 debat
899 2986 1247 3085 provincia
1320 2986 1715 3062 mortalium
1783 2985 2051 3061 animas
2112 2985 2428 3060 servandi
2449 3044 2468 3073 ,
2538 2985 2726 3059 unde
2785 3007 3086 3081 perenne
3143 2982 3278 3058 sibi
3323 2988 3674 3082 sperarent

627 3107 1003 3208 gaudium3
1055 3107 1178 3181 sed
1226 3105 1429 3181 anxie
1472 3105 1998 3180 retrocedebant
2046 3104 2466 3203 simulatque
2517 3105 2748 3178 animo
2803 3103 3190 3190 volverent,
3242 3127 3316 3176 se
3357 3127 3675 3201 perversa

628 3235 699 3301 et
761 3226 1149 3325 negligenti
1208 3226 1357 3300 eius
1423 3226 2019 3300 administratione
2086 3224 2437 3299 nonnullis
2471 3222 2822 3322 perniciei
2886 3231 3200 3297 auctores
3248 3223 3398 3295 fieri
3445 3246 3669 3321 posse.

628 3347 721 3419 Et
789 3346 947 3444 quis
1010 3345 1468 3434 inficiabitur,
1542 3371 1659 3419 eos
1681 3404 1700 3433 ,
1771 3346 1894 3443 qui
1962 3346 2231 3418 Munus
2296 3345 2584 3418 Sacrum
2661 3365 2976 3440 perverse
3047 3350 3171 3416 aut
3240 3340 3675 3441 negligenter

630 3473 875 3564 gera-nt
895 3522 914 3551 ,
982 3465 1168 3562 ipsos
1232 3465 1429 3539 facile
1488 3466 1754 3539 auferre
1802 3465 2071 3538 fructus
2095 3523 2114 3552 ,
2182 3464 2305 3562 qui
2350 3489 2390 3536 e
2435 3469 2624 3538 recta
2669 3463 3038 3562 Euangelii
3085 3463 3676 3537 administratione

630 3585 701 3658 in
750 3583 1109 3657 Christi
1155 3592 1520 3660 sectatores
1566 3586 1956 3660 redundare
1998 3587 2309 3683 queant?
2386 3584 2582 3663 Quid
2628 3583 2818 3681 quod
2859 3607 2944 3657 ex
2985 3583 3386 3657 huiusmodi
3422 3582 3680 3682 agendi

632 3704 897 3778 ratione
963 3703 1277 3778 miseriae
1331 3705 1492 3779 oriri
1537 3712 1832 3803 possunt
1879 3705 1952 3779 in
2008 3713 2367 3779 aeternum
2417 3703 2912 3803 deplorandae!
2989 3697 3064 3775 Si
3113 3702 3263 3800 ipse
3309 3702 3680 3802 Euangelii

632 3823 959 3897 Minister
995 3824 1175 3897 vitae
1216 3849 1459 3924 expers
1496 3833 1603 3898 est
1643 3847 1799 3898 vere
1840 3823 2275 3899 Christianae
2295 3883 2316 3914 ,
2366 3826 2684 3922 exemplo
2721 3847 2848 3897 suo
2880 3823 3050 3897 alios
3081 3822 3173 3897 ad
3217 3822 3678 3897 Christum

630 3965 773 4016 non
832 3941 1125 4029 alliciet3
1190 3942 1415 4016 verbis
1470 3929 1653 4030 suis,
1706 3966 1883 4040 quae
1936 3942 2137 4017 factis
2190 3967 2328 4018 non
2385 3943 2845 4042 respondent,
2910 3943 3023 4017 vix
3071 3943 3337 4041 aliquid
3390 3943 3675 4030 efficiet;

596 4062 778 4134 ·imo
816 4060 993 4135 forte
1040 4085 1280 4136 ansam
1326 4061 1561 4149 dabit,
1613 4069 1693 4134 ut
1733 4061 2051 4136 nonnulli
2070 4119 2091 4150 ,
2142 4062 2233 4136 ad
2285 4061 2499 4136 vitam
2543 4063 2694 4136 eius
2739 4087 2812 4136 se
2859 4070 3348 4161 componentes
3388 4063 3678 4160 eiusque

638 4180 955 4278 exemplo
1017 4179 1419 4269 abutentes,
1480 4181 1554 4254 in
1614 4178 1988 4278 perniciem
2051 4187 2279 4254 ruant.
2385 4180 2461 4253 Si
2514 4179 2828 4256 homines
2879 4183 3001 4280 qui
3047 4207 3251 4257 curae
3291 4182 3443 4256 eius
3491 4207 3678 4257 com-

638 4297 837 4373 missi
904 4305 1069 4372 sunt
1126 4299 1261 4372 sibi
1322 4299 1691 4399 relinquit3
1760 4301 1820 4374 si
1878 4298 2118 4374 fideles
2173 4323 2314 4373 non
2370 4299 2644 4374 firmare
2663 4359 2684 4389 ,
2746 4302 3140 4377 vacillantes
3181 4325 3321 4376 non
3363 4301 3678 4376 corrobo-

640 4443 791 4494 rare
811 4476 831 4507 ,
905 4426 1211 4494 errantes
1276 4445 1417 4496 non
1472 4421 1799 4496 reducere
1818 4479 1841 4510 ,
1902 4418 2191 4495 afflictos
2240 4443 2381 4494 non
2434 4418 2694 4518 erigere
2715 4479 2736 4510 ,
2795 4420 3322 4521 desperantibus
3366 4420 3680 4499 animum

728 4709 781 4782 ¹)
846 4707 875 4768 1
923 4710 1071 4770 Tim.
1112 4711 1224 4772 111.
1271 4715 1324 4772 1.

725 4803 781 4879 ²)
840 4805 988 4886 Eph.
1028 4809 1142 4869 111.
1185 4813 1241 4868 a.
