4766 6034
1851 664 2409 737 ORATIO.
3568 666 3651 737 85

615 882 847 965 terna3
901 900 1080 975 quae
1129 898 1350 951 novos
1397 876 1598 975 quasi
1634 876 1950 953 homines
1991 903 2118 953 nos
2163 879 2356 967 facit,
2410 902 2587 977 quae
2632 878 2895 953 sincero
2933 902 3097 977 erga
3139 901 3379 953 omnes
3424 901 3657 952 amore

614 1020 741 1071 nos
781 995 1041 1071 imbuit
1063 1055 1085 1084 ,
1152 1020 1333 1095 quae
1381 1019 1505 1094 per
1546 996 1902 1073 caritatem
1947 1006 2265 1074 actuosos
2318 1024 2445 1073 nos
2493 998 2762 1086 reddit,
2828 1006 3039 1097 atque
3086 999 3372 1073 intimae
3422 1022 3655 1071 neces-

615 1114 942 1190 situdinis
1007 1115 1280 1191 vinculo
1339 1139 1500 1191 cum
1543 1117 1877 1191 Gnarsro
1922 1118 2212 1216 Deoque
2261 1142 2389 1192 nos
2428 1116 2789 1215 coniungit
2836 1119 2962 1209 ⁰⁴).
3064 1119 3270 1193 Unde
3325 1117 3659 1192 vocabula

615 1239 890 1327 πίστιν
941 1244 1014 1338 et
1055 1239 1434 1315 πιστεύειν
1477 1244 1876 1336 permutant
1921 1262 2082 1313 cum
2127 1238 2280 1312 aliis
2301 1296 2320 1324 ,
2373 1262 2553 1335 quae
2590 1236 2779 1335 quod
2820 1237 3197 1335 probamus
3242 1238 3493 1317 diserte
3535 1235 3657 1309 do-

615 1363 848 1431 ceant:
901 1355 1296 1431 cuiusmodi
1339 1363 1507 1431 sunt
1539 1360 1848 1455 eoecipere
1885 1359 2218 1433 Christum
2242 1360 2340 1451 ⁰⁶)
2383 1361 2614 1433 venire
2648 1360 2749 1431 ad
2775 1384 2919 1432 eum
2944 1359 3071 1450 ⁰⁶),
3100 1359 3349 1433 habere
3372 1382 3515 1431 eum
3531 1358 3693 1448 ⁰⁷),-

617 1500 764 1552 esee
829 1483 900 1550 et
951 1480 1179 1551 vivere
1227 1502 1372 1551 eum
1431 1481 1505 1551 in
1553 1479 1744 1551 nobis
1784 1479 1906 1569 ⁰⁸).
2009 1478 2210 1552 Idem
2261 1504 2475 1577 porro
2536 1480 2897 1553 confirmat
2961 1479 3327 1578 descriptio
3380 1501 3616 1552 eorum
3640 1534 3661 1566 ,

615 1620 798 1693 quac
845 1596 920 1669 in
969 1594 1412 1671 credentibus
1473 1598 1918 1697 requiruntur
1937 1656 1956 1685 ,
2023 1598 2561 1697 universumque
2619 1598 2969 1697 religionis
3018 1598 3450 1673 Christianae
3498 1622 3661 1672 con-

615 1714 875 1790 silium.
973 1716 1308 1791 Fatemur
1327 1774 1348 1806 ,
1415 1718 1558 1793 imo
1609 1742 1766 1793 vero
1805 1718 2293 1794 contendimus
2316 1777 2336 1806 ,
2402 1718 2669 1793 venisse
2734 1719 3127 1793 Cnmsruu
3176 1718 3267 1793 ad
3319 1718 3665 1793 docendos

619 1833 940 1908 homines
962 1891 982 1921 ,
1033 1834 1126 1909 ad
1172 1834 1618 1912 illustrandas
1661 1862 1902 1913 eorum
1951 1846 2220 1913 mentes
2241 1898 2261 1927 ,
2311 1840 2402 1914 ad
2448 1837 2991 1937 patefaciendam
3040 1839 3393 1913 veritatem
3414 1897 3433 1927 ‚
3484 1838 3665 1912 eius·

617 1979 762 2052 que
835 1955 1237 2053 religionem
1293 1957 1676 2034 doctrinam
1723 1958 2110 2047 continere3
2185 1959 2308 2034 sed
2351 1958 2567 2033 iidem
2611 1982 2951 2058 negamus
2966 2016 2985 2047 ,
3054 1958 3361 2033 divinam
3384 2015 3405 2047 ,
3454 1983 3671 2057 quam

619 2074 828 2148 nobis
881 2075 1108 2162 dedit,
1177 2076 1580 2176 religionem
1639 2102 1781 2153 una
1830 2078 2142 2153 doctrina
2185 2078 2475 2153 absolvi.
2578 2079 2887 2153 Ultimus
2908 2140 2927 2167 ‚
2976 2080 3068 2153 ad
3114 2104 3323 2179 quem
3370 2104 3499 2153 nos
3541 2079 3670 2153 du-

615 2219 780 2269 cere
829 2194 1012 2283 vult,
1083 2194 1244 2269 finis
1303 2196 1453 2273 sine
1511 2196 1728 2272 dubio
1783 2200 2086 2273 cernitur
2131 2200 2205 2273 in
2253 2198 2467 2273 animi
2512 2198 2729 2273 nostri
2778 2199 3094 2297 vitaeque
3147 2200 3629 2274 emendatione
3651 2258 3671 2289 ,

618 2314 698 2387 in
748 2314 1118 2389 excitando
1165 2324 1236 2389 et
1285 2317 1534 2392 alendo
1583 2318 1816 2393 studio
1836 2377 1856 2407 ,
1908 2343 2048 2416 quo
2094 2318 2232 2407 illi,
2281 2318 2604 2418 Deoque,
2654 2320 2845 2393 Patri
2891 2326 3127 2393 nostro
3147 2377 3165 2407 ,
3218 2320 3475 2393 similes
3516 2342 3674 2393 eva·

624 2435 791 2507 dere
845 2458 1177 2509 conemur
1195 2494 1215 2523 ,
1262 2436 1338 2509 in
1381 2438 1706 2512 omnibus
1750 2439 2024 2537 populis
2061 2438 2601 2537 hominibusque
2650 2440 2722 2513 in
2773 2464 2982 2514 unam
3034 2440 3429 2513 societatem
3450 2498 3470 2526 ,
3522 2441 3673 2513 Deo

621 2556 1101 2653 Cnmsroque
1174 2556 1470 2631 dicatam
1490 2615 1510 2645 ,
1581 2560 2101 2659 congregandis.
2203 2560 2527 2659 Requirit
2590 2560 2807 2658 igitur
2863 2560 2937 2633 in
3011 2584 3429 2659 unoquoque
3452 2618 3472 2648 ,
3536 2559 3673 2657 ipsi

621 2674 838 2749 fidem
882 2675 1183 2751 habente
1205 2734 1226 2765 ,
1274 2676 1586 2751 animum
1609 2738 1630 2767 ,
1697 2680 1976 2778 pietatis
2023 2680 2436 2780 virtutisque
2486 2679 2718 2753 studio
2764 2679 3115 2755 imbutum
3138 2740 3157 2769 ,
3224 2680 3314 2753 ad
3364 2705 3474 2753 res
3522 2705 3673 2753 coe-

619 2794 834 2871 lestes
881 2795 1289 2896 divinasque
1335 2822 1745 2874 conversum
1765 2859 1784 2887 ,
1835 2800 1925 2875 ab
1965 2801 2356 2877 inordinata
2398 2801 2769 2903 φιλαυτιᾲ
2816 2796 3117 2876 alienum
3140 2860 3159 2888 ,
3212 2802 3473 2877 sincero
3514 2826 3678 2899 erga

620 2916 860 3013 ipsum
930 2916 1302 3017 Deumque
1322 2976 1342 3006 ,
1413 2925 1485 2993 et
1555 2926 1842 2995 naturae
1898 2930 2171 2997 nostrae
2236 2920 2454 2996 socios
2517 2946 2749 2996 amore
2810 2922 3242 3022 flagrantem.
3346 2923 3549 3000 Quae
3602 2920 3677 2993 iu

623 3036 1072 3112 credentibus
1134 3039 1420 3114 minime
1479 3040 1951 3131 invenientur,
2015 3043 2152 3118 nisi
2203 3042 2547 3120 eiusmodi
2593 3043 2733 3116 fide
2786 3043 3137 3142 gaudeant
3161 3100 3181 3130 ,
3234 3067 3413 3140 quae
3463 3041 3681 3115 animi

627 3181 878 3232 sensus
921 3160 1326 3257 praesertim
1373 3161 1624 3237 afficiat
1642 3220 1662 3250 ,
1713 3169 1784 3236 et
1831 3187 1993 3236 cum
2044 3163 2300 3237 fiducia
2349 3163 2444 3238 sit
2488 3162 2875 3237 coniuncta.
2949 3163 3151 3259 Ipsos
3204 3163 3491 3260 denique
3534 3185 3679 3235 cre-

629 3277 879 3352 dentes
950 3279 1274 3376 suspicite
1297 3338 1317 3368 ,
1393 3281 1481 3356 A.
1513 3282 1643 3356 A.!
1716 3289 1796 3356 ut
1858 3307 2090 3359 veram
2155 3283 2319 3358 fidei
2383 3282 2814 3356 Christianae
2888 3281 3189 3356 indolem
3255 3280 3677 3380 intelligatis,

627 3399 782 3478 Qui
823 3398 1244 3498 turpissimis
1285 3399 1822 3500 quibuscunque
1856 3403 2038 3477 vitiis
2075 3427 2148 3477 se
2185 3402 2750 3502 inquinaverant,
2792 3401 3187 3477 Christiana
3220 3402 3359 3476 fide
3390 3400 3682 3490 imbuti,

631 3543 792 3594 vere
832 3519 974 3594 dici
1016 3527 1338 3618 poterant
1383 3523 1602 3597 abluti
1617 3579 1638 3611 ,
1685 3526 1907 3598 sancti
1927 3582 1948 3612 ,
1991 3527 2159 3598 iusti
2174 3526 2370 3617 sacti
2392 3524 2490 3615 ⁰⁰)
2513 3581 2533 3610 ,
2582 3547 2753 3596 nova
2793 3522 3111 3597 ereatura
3135 3523 3231 3614 ⁷⁰)
3256 3580 3277 3610 ,
3316 3523 3456 3596 Dei
3488 3546 3683 3620 opus,

625 3641 732 3712 ad
765 3647 950 3712 recte
973 3643 1186 3734 sacta
1231 3641 1306 3712 in
1345 3639 1677 3714 Onmsro
1722 3641 1898 3716 Insu
1947 3644 2199 3716 conditi
2239 3643 2361 3733 ⁷¹).
2463 3642 2864 3741 Pauperum
2885 3702 2905 3731 ,
2957 3641 3465 3742 aegrotantium
3491 3701 3510 3729 ,
3558 3666 3679 3741 pa-

627 3758 952 3834 rentibus
1000 3758 1398 3834 orbatorum
1418 3818 1439 3849 ,
1502 3759 2016 3859 peregrinorum
2045 3819 2066 3849 ,
2131 3761 2563 3861 captivorum
2624 3786 2862 3837 curam
2913 3762 3287 3862 gerebant,
3348 3768 3684 3860 tantoque

629 3905 712 3954 se
770 3881 1066 3955 invicem
1123 3879 1719 3980 prosequebantur
1784 3905 2016 3955 amore
2036 3938 2057 3968 ,
2127 3889 2210 3954 ut
2261 3889 2505 3980 gentes
2528 3939 2547 3970 ,
2616 3881 2687 3956 in
2738 3881 3270 3958 admirationem
3319 3881 3643 3982 abreptae
3662 3940 3685 3972 ,
3754 3861 3769 3878 ⁸

631 4001 1138 4076 exclamarent:
1217 4025 1416 4076 necce
1438 4008 1948 4100 „quantopere
2016 4026 2089 4075 se
2151 4009 2404 4076 mutuo
2452 4003 2787 4101 diligant,
2856 4002 3081 4102 parati
3139 4003 3318 4078 alius
3370 4027 3495 4101 pro
3551 4002 3685 4076 alio
3786 4075 3801 4085 ,

637 4121 947 4196 ''emori”
980 4122 1102 4214 ⁷²).
1205 4122 1358 4196 Nec
1399 4121 1644 4196 fratres
1697 4129 1968 4195 tantum
1996 4179 2016 4210 ,
2069 4122 2194 4196 sed
2245 4147 2487 4196 omnes
2530 4123 2816 4196 omnino
2866 4123 3181 4206 homines
3203 4179 3224 4209 ,
3268 4107 3475 4221 ipsos*
3510 4121 3684 4195 adeo

627 4241 954 4316 inimicos
974 4299 995 4329 ,
1043 4265 1317 4316 summo
1363 4242 1998 4340 complectebantur
2038 4267 2290 4317 amore.
2394 4243 2507 4316 Sic
2531 4302 2551 4330 ,
2602 4251 2683 4318 ut
2728 4269 2767 4318 e
2817 4243 3135 4342 pluribus
3185 4267 3407 4318 unum
3458 4243 3680 4318 addu-

633 4386 796 4436 cam
849 4361 1192 4460 praeclare
1213 4361 1534 4449 factum,
1572 4361 1972 4438 dominante
1998 4361 2597 4438 vehementissima
2638 4369 2831 4462 peste
2874 4366 3284 4463 Cartha-qim
3302 4421 3321 4450 ,
3370 4363 3519 4437 Sec.
3564 4363 3683 4436 III

633 4481 877 4556 medio
929 4489 1018 4572 (a.
1056 4485 1230 4573 251)
1253 4541 1272 4570 ,
1322 4483 1830 4580 aegrotantium
1849 4541 1869 4571 ,
1919 4483 2042 4580 qui
2082 4509 2124 4556 a
2165 4482 2308 4556 suis
2352 4481 2887 4581 negligebantur
2906 4542 2925 4570 ,
2976 4479 3441 4556 misericordia
3478 4481 3683 4568 moti,

633 4625 880 4675 curam
933 4601 1268 4700 gerebant
1309 4603 1431 4694 ⁷³).
1471 4595 1478 4602 ’
1533 4602 1778 4680 Quid?
1829 4603 2019 4700 quod
2069 4603 2141 4675 in
2191 4601 2536 4676 dirissima
2587 4609 2901 4700 quaeque
2948 4625 3170 4699 aequo
3216 4609 3427 4699 atque
3482 4600 3688 4675 alacri

631 4721 874 4796 animo
923 4721 1264 4820 patiundo
1302 4721 1468 4799 fidei
1511 4747 1677 4798 suae
1719 4723 1854 4796 vim
1903 4729 1974 4796 et
2016 4722 2486 4798 efficacitatem
2505 4781 2526 4810 ,
2576 4720 2887 4821 adeoqu'e
2924 4746 3156 4798 veram
3192 4721 3343 4798 eius
3383 4721 3687 4796 indolem

631 4839 971 4928 omnibus
1009 4843 1237 4940 palam
1285 4843 1650 4921 faciebant.
1723 4845 1964 4918 Testes
2009 4850 2173 4918 sunt
2219 4835 2573 4942 Apostoli,
2622 4867 2921 4943 magnus
2954 4842 3029 4918 in
3074 4841 3330 4940 primis,
3356 4841 3471 4916 ille
3518 4867 3682 4940 gen-
