4766 6034
1081 649 1167 716 58
2035 646 2425 713 SERIES
2491 644 3147 715 LECTIONUH.

1275 855 1678 934 Doctrinam
1744 857 2146 932 morborum
2219 856 2677 956 singularium
2747 854 3013 943 tradet,
3086 852 3337 929 diebus
3396 854 3639 930 Lunae
3658 913 3679 943 ‚

1371 976 1622 1053 Martis
1670 987 1741 1054 et
1789 978 1975 1053 Iovis
2050 1031 3669 1067 .......................
3768 974 3938 1049 hora
3986 974 4131 1048 IX.

1270 1096 1526 1171 Praxin
1613 1098 1952 1173 medicam
2037 1097 2128 1173 ad
2202 1094 2491 1171 lectulos
2572 1094 3078 1196 aegrotantium
3160 1092 3634 1168 moderabitur
3654 1152 3675 1182 ‚

1366 1215 1615 1291 diebus
1665 1214 1964 1316 singulis
2049 1264 3677 1290 ........................
4031 1212 4131 1284 X.

1076 1336 1163 1409 A.
1196 1333 1278 1409 E.
1313 1334 1552 1410 Smort
1582 1336 1894 1411 Tnouas
1918 1393 1939 1425 ‚
1986 1334 2172 1411 Prof.
2200 1334 2563 1409 Extraord.
2585 1393 2603 1423 ,
2654 1333 3017 1409 Theoriam
3048 1334 3217 1409 artis
3240 1331 3677 1409 obstetriciae

1178 1464 1523 1555 exponet,
1573 1456 1822 1532 diebus
1867 1455 2120 1531 Martis
2141 1515 2162 1546 ,
2213 1456 2401 1530 Iovis
2446 1462 2519 1528 et
2566 1455 2847 1529 Saturni
2862 1510 3677 1543 ............
3916 1451 4137 1527 VIII.

1269 1576 1896 1653 Exercitationibus
1963 1575 2228 1653 clinicis
2247 1634 2268 1665 ,
2337 1576 2409 1650 in
2482 1574 2899 1651 Nosooomio
2958 1573 3351 1651 academico
3412 1571 3671 1649 haben-

1369 1697 1477 1770 dis
1498 1755 1518 1786 ,
1567 1696 1838 1773 vacabit
1886 1695 2196 1796 quotidie
2266 1747 3673 1773 ....................
3993 1692 4139 1765 ῙΧ.

1268 1818 1674 1894 Doctrinam
1733 1818 2235 1919 operationum
2303 1816 2530 1892 tradet
2549 1875 2569 1903 ,
2636 1822 2708 1889 et
2762 1813 3303 1914 operationibus
3350 1813 3669 1888 obstetri-

1364 1938 1489 2013 ciis
1508 1998 1528 2027 ,
1585 1946 1735 2013 tum
1779 1940 1854 2013 in
1904 1937 2088 2039 pelvi
2139 1936 2405 2015 factitia
2425 1994 2445 2024 ,
2490 1943 2644 2010 tum
2693 1936 2766 2009 in
2812 1936 3139 2011 cadavere
3178 1934 3624 2008 instituendis
3644 1991 3663 2019 ,

1362 2058 1701 2158 praeerit,
1752 2057 1865 2133 die
1913 2056 2244 2135 Mercurii
2265 2110 3671 2133 ....................
4074 2054 4146 2125 Ι.

1268 2177 1814 2277 Gynaecologiae
1874 2184 1945 2253 et
2013 2176 2779 2276 Gynaecopathologiae
2826 2174 3051 2275 capita
3100 2174 3353 2249 selecta
3403 2172 3667 2259 tradet,

1367 2297 1481 2370 die
1526 2298 1769 2373 Lunae
1821 2350 3667 2373 ..........................
4034 2294 4143 2365 II.

1272 2417 1527 2493 Praxin
1579 2418 2094 2506 obstetriciam,
2148 2424 2300 2492 tum
2343 2418 2419 2491 in
2467 2416 2882 2491 Nosocomio
2926 2414 3357 2501 academico,
3400 2422 3555 2487 tum
3598 2414 3673 2487 in

1365 2537 1764 2615 Policlinico
1809 2538 2256 2626 obstetriciO,
2308 2538 2583 2637 quoties
2630 2559 2908 2611 necesse
2961 2535 3129 2623 erit,
3180 2534 3674 2609 moderabitur.

1069 2654 1166 2732 H.
1212 2656 1764 2747 HALBnn'rsMA,
1822 2660 2018 2735 Ius'r.
2064 2658 2238 2746 Fu„
2303 2656 2489 2732 Prof.
2544 2656 2948 2744 Extraord„
3013 2654 3459 2731 Anatomiam
3516 2678 3670 2753 spe·

1169 2776 1413 2851 cialem
1459 2784 1531 2852 et
1575 2779 1946 2877 practicam
1985 2777 2302 2867 docebit,
2347 2776 2599 2852 diebus
2625 2776 2909 2866 Lunae,
2956 2775 3250 2865 Martis,
3301 2773 3669 2860 Mercurii,

1079 2952 1082 2957 .
1169 2894 1356 2971 Iovis
1396 2904 1468 2971 et
1514 2897 1806 2975 Veneris
1829 2951 3669 2987 ..........................
3746 2916 3761 2929 ·
4040 2892 4145 2967 X.

1262 3015 1776 3118 Physiologiam
1798 3078 1824 3110 ‚‚
1869 3017 2358 3119 experimentis
2406 3026 2479 3093 et
2519 3016 3117 3094 observationibus
3162 3012 3665 3114 microscopicis

1359 3137 1810 3230 illustratam,
1861 3139 2112 3214 iisdem
2161 3139 2455 3227 diebus,
2533 3195 2552 3214 .
2626 3188 3664 3215 ...............
3992 3132 4141 3208 IX.

1263 3257 1685 3334 Methodum
1729 3259 2007 3335 secandi
2043 3259 2413 3349 cadavera,
2464 3256 2817 3357 quotidie,
2866 3257 3155 3334 hiberno
3200 3251 3599 3357 tempore).
3655 3314 3672 3331 .
3764 3251 4147 3330 XI—III.

1071 3376 1150 3450 F.
1203 3377 1293 3453 G.
1339 3377 1690 3454 Kamara
1733 3388 1808 3454 et
1848 3379 2521 3456 H.HA1.1mn‘rsuA
2584 3377 2989 3520 disputandi
3036 3377 3401 3454 Exercitiis
3444 3374 3675 3476 publi-

1170 3496 1270 3570 cis
1317 3505 1726 3596 praeerunt,
1776 3498 1890 3574 die
1939 3497 2190 3627 Martis
2201 3552 3667 3590 ......................
4036 3495 4143 3571 II.

2074 3693 2395 3768 FACUL
2395 3694 2573 3769 TAS
2623 3693 3098 3767 IURIDICA.

1076 3847 1173 3924 H.
1213 3853 1300 3925 G.
1341 3852 1704 3929 'Pronum
1723 3911 1744 3943 ‚
1777 3853 2237 3928 Emeritatum
2272 3863 2521 3930 nactus
2550 3869 2622 3930 et
2656 3879 2933 3930 cessans
2965 3881 3009 3930 a
3040 3855 3629 3931 Praelectionibus
3648 3912 3668 3942 ‚
3812 3855 3829 3876 ⁰

1172 3994 1314 4045 non
1364 3979 1597 4047 tamen
1649 3972 1948 4050 cessabit
1986 3973 2060 4048 in
2101 3974 2493 4050 studiorum
2535 3999 2820 4050 suorum
2854 3973 3088 4051 fructu
3118 3975 3441 4051 lubenter
3480 3999 3663 4050 com-

1167 4091 1606 4169 municando.

1070 4210 1150 4286 C.
1197 4213 1257 4286 I.
1323 4235 1471 4286 vAN
1515 4214 1758 4290 Assnn
1803 4212 2369 4313 interpretabitur
2413 4214 2861 4312 Digestorum
2910 4215 3095 4290 locos
3144 4214 3429 4289 selectos
3450 4271 3470 4302 ‚
3518 4212 3662 4286 die-

1171 4331 1306 4406 bus
1352 4333 1595 4411 Lunae
1615 4391 1636 4424 ,
1683 4333 1937 4409 Martis
1986 4340 2059 4408 et
2103 4333 2437 4411 Memmii
2458 4392 2479 4424 ‚
2549 4389 3657 4411 ................
4028 4331 4135 4405 X.

1267 4454 1686 4530 Iusmnm
1749 4453 2286 4530 Institutionum
2346 4439 2560 4529 libros
2602 4454 2709 4528 IV
2772 4477 2935 4529 cum
2990 4453 3409 4530 Tanormm
3456 4453 3660 4528 Para-

1368 4573 1644 4671 phrasi,
1694 4574 1943 4649 diebus
1991 4575 2234 4650 Lunae
2252 4632 2273 4664 ‚
2334 4575 2589 4650 Martis
2640 4580 2711 4648 et
2768 4573 3103 4648 Mercurii
3119 4632 3140 4662 ,
3215 4629 3665 4650 .......
3944 4569 4111 4644 XII
4116 4629 4137 4647 .

1274 4692 1400 4766 Ius
1447 4692 1644 4784 civile
1677 4693 2088 4772 hodiernum
2113 4755 2134 4785 ,
2187 4694 2573 4771 secundum
2618 4693 3129 4794 compendium
3174 4718 3216 4768 a
3248 4717 3321 4768 se
3359 4692 3625 4768 editum
3647 4748 3666 4779 ,

1367 4811 1614 4888 diebus
1663 4813 1904 4892 Lunae
1925 4873 1946 4906 ,
1995 4815 2244 4892 Martis
2295 4823 2366 4891 et
2418 4815 2750 4892 Mercurii
2767 4869 3659 4906 .............
3984 4809 4133 4886 XI.
