4766 6034
1911 626 2465 699 ORATIO.
3580 630 3709 703 20⁷

673 854 844 946 quot
907 812 1130 919 bonae
1193 840 1340 939 spei
1399 838 1866 915 adolescentes
1912 838 2170 938 gloriae
2211 838 2536 939 cupidine
2583 840 2672 915 ab
2718 840 3065 941 aequabili
3112 839 3503 917 studiorum
3552 866 3707 940 pro·

579 1046 610 1061 ,
667 966 896 1067 posito
956 962 1392 1039 abducantur
1417 1016 1436 1047 ,
1499 959 1574 1035 in
1640 968 2050 1060 argumenta
2113 960 2324 1035 etiam
2394 960 2665 1062 inepta,
2736 962 2910 1038 nihil
2972 972 3155 1039 certe
3218 964 3311 1039 ad
3366 989 3441 1039 se
3499 964 3706 1063 perti-

669 1086 908 1161 nentia
926 1143 946 1173 ,
1011 1082 1352 1169 involent3
1401 1079 1490 1155 ab
1543 1079 1671 1155 hac
1712 1079 2186 1155 adolescentia·
2223 1090 2294 1155 et
2336 1080 2409 1155 in
2456 1080 2585 1157 hoc
2626 1107 3115 1182 progressuum
3162 1085 3368 1159 modo
3416 1084 3709 1183 requiri-

669 1215 824 1294 tur,
898 1214 981 1279 ut
1046 1204 1384 1290 discatur,
1449 1226 1590 1276 non
1639 1212 1718 1276 ut
1757 1200 2127 1276 scribatur:
2181 1228 2400 1301 apaqe
2446 1201 2661 1277 istum
2704 1204 3189 1301 quaestionum
3234 1205 3711 1305 ponendarum
3812 1241 3836 1251 ·

669 1348 935 1403 morem
953 1384 975 1415 ,
1037 1324 1150 1401 cui
1202 1324 1435 1424 plures
1477 1330 1791 1421 acceptas
1829 1322 2190 1397 referimus
2233 1322 2501 1397 ieiunas
2548 1331 2619 1398 et
2668 1323 2880 1398 exiles
2929 1326 3561 1402 commentationes.
3611 1370 3713 1387 —

669 1451 916 1547 Λίπαρε
969 1452 1348 1520 sonuerunt
1389 1444 1480 1532 ii,
1529 1440 1786 1541 quibus
1833 1442 2232 1542 splendidae
2281 1444 2354 1517 in
2398 1444 2809 1519 Academias
2856 1444 3209 1543 impensae
3260 1446 3543 1521 tandem
3589 1446 3709 1521 ali·

672 1566 954 1666 quando
1017 1564 1428 1640 coercendae
1489 1562 1902 1637 videbantur
1923 1622 1944 1651 ,
2011 1570 2437 1654 metuenteS‚
2506 1588 2595 1637 ne
2662 1564 2830 1639 haec
2888 1565 3163 1663 largitio
3216 1565 3516 1640 fundum
3572 1590 3711 1641 non

671 1686 980 1763 haberet.
1077 1685 1320 1760 Nostis
1387 1689 1630 1759 cetera.
1735 1684 1876 1759 Sed
1926 1683 2259 1783 abrogato
2299 1684 2583 1759 tandem
2634 1684 3005 1759 certamine
3048 1685 3347 1761 litei-ario
3360 1744 3381 1775 ,
3430 1686 3715 1763 fuerunt

669 1810 744 1883 in
814 1805 1350 1883 Academiarum
1403 1803 1916 1879 Professoribus
1937 1862 1958 1893 ‚
2025 1804 2150 1902 qui
2211 1804 2390 1887 illud
2412 1862 2431 1893 ‚
2499 1828 2961 1903 quamquam,
3012 1814 3096 1881 ut
3148 1814 3317 1882 sunt
3365 1806 3670 1883 humana
3693 1866 3712 1898 ,

671 1953 812 2004 non
873 1925 1065 2002 omni
1113 1948 1405 1999 numero
1452 1924 1852 1999 absolutum
1867 1982 1888 2013 ,
1935 1924 2421 2025 gravissimum
2470 1930 2704 1999 tamen
2760 1932 2831 2000 et
2880 1926 2968 2001 de
3019 1925 3329 2026 ipsorum
3374 1928 3718 2004 sententia

674 2074 828 2123 vere
889 2046 1391 2123 Academicum
1410 2103 1431 2134 ,
1497 2045 1884 2121 studiorum
1953 2044 2375 2145 praesidium
2444 2045 2978 2137 instaurandum
3054 2054 3433 2123 censerent.
3546 2050 3721 2123 Mox

673 2169 798 2245 uni
859 2166 1194 2265 alterique
1261 2164 1513 2241 Ordini
1579 2190 1706 2241 sua
1769 2165 2176 2241 auctoritate
2233 2166 2696 2245 Quaestiones
2745 2166 2839 2241 ad
2888 2166 3413 2267 disceptandum
3464 2192 3717 2267 ponere

669 2289 954 2390 placuit.
1057 2289 1380 2366 Quorum
1419 2310 1754 2362 numerus
1773 2344 1795 2375 ,
1841 2285 2161 2385 pluribus
2206 2284 2591 2360 Ordinibus
2631 2285 2705 2361 in
2752 2286 3045 2363 eandem
3096 2288 3509 2363 sententiam
3557 2290 3718 2366 abe-

670 2408 967 2487 untibus
983 2467 1004 2498 ,
1069 2407 1435 2507 paullatim
1493 2405 1746 2495 crevit,
1815 2430 1956 2481 non
2009 2412 2244 2481 tamen
2295 2406 2853 2507 improbantibus
2902 2406 3199 2483 civitatis
3246 2408 3365 2484 illo
3410 2417 3719 2510 tempore

670 2527 1258 2630 gubernatoribus
1277 2586 1296 2617 ‚
1361 2534 1602 2626 postea
1669 2535 1907 2601 autem
1971 2526 2146 2601 adeo
2206 2526 2542 2626 probante
2604 2552 2768 2627 rege
2831 2526 3206 2603 Guilielmo
3252 2553 3343 2604 111
3366 2587 3386 2620 ,
3453 2537 3533 2604 ut
3571 2529 3721 2629 ipse

669 2647 1186 2725 Professoribus
1236 2646 1606 2747 significari
1657 2645 1974 2736 iuberet,
2042 2646 2178 2721 sibi
2228 2646 2703 2745 gratissimum
2754 2647 2899 2723 fore
2918 2706 2939 2739 ‚
2990 2648 3049 2722 si
3099 2649 3211 2725 hic
3258 2651 3722 2749 praemiorum

596 2808 612 2816 ·
671 2769 974 2871 egregiis
1037 2767 1406 2843 iuvenibus
1474 2766 1982 2843 offerendorum
2049 2766 2266 2841 honos
2334 2767 2425 2843 ab
2486 2766 2574 2843 iis
2638 2767 2731 2842 ad
2796 2793 2869 2843 se
2941 2768 3409 2845 tranferretur.
3529 2767 3725 2844 Nihil

672 2890 980 2965 vidimus
1020 2888 1212 2988 regia
1253 2886 1728 2975 munificentia
1762 2885 2064 2987 dignius.
2166 2885 2324 2961 Hac
2363 2893 2597 2962 autem
2644 2887 3056 2965 liberalitate
3096 2914 3317 2990 quum
3346 2892 3727 2970 Academia

676 3009 1132 3110 Groningana
1195 3008 1402 3084 hodie
1467 3008 1772 3109 primum
1817 3007 2090 3082 fruatur
2107 3065 2128 3098 ‚
2176 3032 2304 3082 nos
2343 3031 2499 3082 eam
2550 3006 2870 3084 lubenter
2914 3034 3143 3086 coram
3187 3010 3383 3085 vobis
3405 3068 3426 3098 ‚
3476 3011 3725 3111 optimi

673 3133 979 3208 Iuvenes
997 3189 1020 3220 ‚
1069 3129 1534 3220 celebramus;
1586 3154 1714 3205 nec
1755 3153 1918 3204 vero
1967 3127 2475 3229 Angustissimi
2517 3128 2857 3228 Principis
2904 3129 3111 3204 verba
3149 3129 3421 3204 silentio
3470 3131 3721 3229 premi—

677 3275 840 3326 mus
863 3310 882 3339 ,
935 3250 1333 3350 Groningae
1381 3259 1542 3326 ante
1597 3250 1728 3325 hoc
1765 3248 2128 3326 biennium
2182 3247 2671 3348 pronunciata:
2722 3251 2857 3325 sibi
2894 3252 3297 3326 Academias
3324 3276 3529 3327 curae
3556 3275 3721 3328 esse.

779 3493 882 3564 Te
940 3491 1314 3566 honorifico
1373 3490 1502 3566 hoc
1555 3489 1704 3564 loco
1767 3488 2116 3587 adspicere
2133 3544 2153 3577 ,
2227 3487 2671 3563 dilectissime
2735 3489 3017 3565 Homan
3066 3491 3126 3582 ¹)
3154 3548 3175 3578 ‚
3238 3457 3725 3568 suavissimum

673 3609 1008 3686 omnibus
1077 3609 1368 3698 accidit,
1438 3633 1736 3708 quorum
1807 3632 1978 3683 usus
2037 3632 2114 3684 es
2175 3608 2557 3708 disciplina.
2669 3610 3013 3686 Novimus
3060 3619 3255 3688 tuam
3309 3613 3724 3693 industriam

677 3731 1146 3830 scientiaeque
1201 3739 1558 3804 accuratae
1617 3728 2069 3829 cupiditatem
2092 3787 2112 3817 ‚
2179 3737 2252 3804 et
2303 3729 2629 3806 admirati
2670 3731 3129 3808 constantiam
3171 3733 3561 3811 studiorum
3611 3759 3724 3810 su·

677 3877 844 3927 mus
868 3910 888 3939 ‚
955 3875 1096 3949 qua
1155 3850 1268 3924 vix
1325 3850 1520 3925 fratri
1582 3850 1808 3939 cedis,
1877 3851 2142 3949 optimo
2202 3849 2622 3926 Academiae
2685 3858 2961 3928 nostrae
3022 3853 3305 3928 alumno
3323 3911 3342 3941 ‚
3406 3853 3605 3929 cuius
3652 3854 3725 3928 in
3862 3831 3899 3846 ,-

681 3971 874 4046 vario
935 3970 1284 4045 doctrinae
1347 3995 1598 4071 genere
1656 3993 2059 4070 progressus
2125 3970 2471 4046 iuventuti
2531 3971 2997 4049 Doccumensi
3040 3973 3133 4048 ad
3170 3973 3531 4073 ingenium
3580 3976 3725 4052 ani·

679 4115 1024 4190 mumque
1085 4091 1536 4166 excolendum
1607 4097 1920 4191 prosunt.
2017 4089 2274 4188 Accipe
2334 4089 2467 4164 hoc
2518 4113 2766 4187 operae
2822 4091 2893 4166 in
2942 4092 3253 4170 Homero
3301 4100 3426 4168 tuo
3464 4093 3729 4192 positae

773 4338 821 4421 ¹)
881 4341 1143 4417 Quaestio
1183 4339 1412 4401 Ordinis
1450 4340 1838 4423 Philosophiae
1878 4341 2237 4404 Theoi-eticae
2277 4345 2334 4400 et
2373 4338 2689 4400 Literarum
2729 4337 3133 4400 Humanior-um
3174 4339 3380 4419 prima=
3439 4339 3573 4399 Ilias
3605 4339 3729 4398 Ho-

679 4435 894 4498 merica
939 4437 1022 4498 ita
1079 4438 1390 4517 exploretur
1412 4481 1427 4510 ,
1485 4444 1546 4498 ut
1562 4481 1578 4510 ,
1619 4437 1870 4499 adhibito
1911 4438 2170 4518 opusculo
2186 4480 2201 4509 ,
2243 4433 2390 4515 qnod
2430 4434 2781 4496 inscribitur:
2840 4437 3283 4510 Betraohcmqen
3318 4436 3451 4494 iiber
3492 4435 3729 4495 Homero

678 4533 836 4594 Ilias
890 4551 996 4592 von
1049 4530 1190 4592 Karl
1244 4531 1571 4592 Lachmann
1623 4531 1728 4592 mit
1785 4535 2058 4593 Zusiitzen
2097 4551 2201 4592 von
2243 4529 2423 4592 Moriz
2464 4529 2687 4610 Haupt,
2744 4529 2941 4590 Berlin
2982 4532 3135 4592 1847
3154 4573 3170 4601 ,
3220 4529 3588 4610 consultisque
3628 4530 3727 4604 iis,

679 4647 828 4708 quae
882 4626 954 4687 de
1009 4625 1172 4687 huius
1227 4627 1508 4708 scriptoris
1564 4628 1839 4690 sententia
1877 4628 2229 4690 continentur
2263 4627 2441 4688 libro:
2494 4627 2585 4688 die
2622 4623 2981 4701 saymonis
3016 4624 3113 4684 der
3156 4624 3420 4685 Griechen
3434 4672 3449 4699 ,
3492 4627 3731 4688 kritisck

677 4725 1011 4799 doeyestellc
1065 4741 1175 4784 von
1231 4723 1304 4783 G.
1359 4721 1452 4782 W.
1503 4722 1738 4784 Nitzsch
1756 4768 1772 4798 ,
1826 4723 2252 4800 Bramelmeiq
2299 4725 2455 4785 1852
2473 4766 2488 4796 ,
2554 4723 2703 4784 1858
2720 4765 2737 4796 ,
2792 4719 2933 4781 ratio
2974 4723 3032 4782 et
3070 4721 3395 4802 compositio
3434 4723 3553 4784 eius
3591 4723 3729 4785 diiu-

677 4820 955 4880 dicentur.
2835 4825 2841 4830 “
