4766 6034
1778 651 2333 721 ORATIO.
2899 673 2907 684 ’
3445 659 3571 726 137

532 859 785 938 clarius
856 864 1226 950 enitescat;
1290 860 1389 936 sic
1449 860 1761 936 Historia
1815 861 2295 940 Ecclesiastica
2360 863 2506 939 sola
2564 887 2690 938 nos
2743 863 3027 939 edocere
3073 873 3302 964 potest
3316 924 3337 955 ,
3399 891 3569 966 quo-

467 1077 485 1090 ·
529 983 741 1059 modo
796 985 965 1059 Iesu
1009 983 1644 1082 Apostolorumque
1688 982 2035 1059 institutio
2090 984 2366 1059 moralis
2386 1043 2406 1073 ,
2454 1009 2579 1083 per
2629 984 3018 1060 seculorum
3069 985 3438 1061 decursum
3458 1045 3479 1075 ‚
3529 1013 3572 1061 a

532 1104 796 1179 Christi
858 1104 1313 1181 sectatoribus
1376 1103 1469 1177 sit
1534 1111 1813 1202 accepta
1830 1163 1851 1193 ‚
1918 1103 2258 1204 explicata
2317 1111 2528 1202 atque
2595 1103 2942 1193 adhibita;
3007 1130 3220 1204 quam
3273 1106 3529 1182 variam
3549 1166 3570 1196 ‚

527 1207 667 1324 pro'
718 1225 1135 1324 populorum
1204 1230 1275 1298 et
1333 1230 1727 1323 temporum
1746 1282 1766 1312 ,
1815 1224 2079 1324 ingenii
2128 1232 2339 1323 atque
2391 1225 2796 1324 opinionum
2852 1225 3248 1300 diversitate
3265 1283 3284 1314 ,
3326 1225 3570 1299 Ethice

530 1344 927 1420 Christiana
974 1344 1281 1420 induerit
1315 1342 1647 1432 formam3
1700 1344 1874 1442 quid
1912 1342 2779 1420 Romano-catholicorum
2825 1346 3006 1420 inter
3053 1353 3126 1420 et
3175 1346 3568 1420 Protestan-

529 1464 712 1538 tium
732 1523 753 1554 ,
830 1464 1386 1539 Lutheranorum
1466 1473 1537 1538 et
1609 1461 2167 1538 Reformatorum
2190 1521 2211 1550 ,
2281 1461 2857 1538 Scholasticorum
2931 1470 3001 1552 et
3073 1463 3530 1561 Mysticorum
3549 1523 3571 1552 ,

529 1584 1081 1659 Iansenistarum
1128 1592 1200 1657 et
1244 1583 1664 1659 Iesuitarum
1710 1584 2094 1659 doctrinam
2135 1581 2470 1659 moralem
2514 1583 2882 1658 discrimen
2903 1655 2912 1664 .
2931 1583 3350 1670 intercedat3
3399 1608 3574 1682 quos

529 1703 835 1804 denique
882 1727 1083 1779 casus
1102 1763 1123 1794 ,
1158 1705 1319 1778 -sive
1359 1728 1723 1803 prosperos
1764 1728 1890 1778 seu
1935 1703 2256 1778 adversos
2272 1763 2292 1790 ,
2329 1703 2745 1803 Theologiae
2767 1703 3054 1778 Moralis
3080 1703 3392 1778 studium
3412 1761 3433 1792 ,
3480 1703 3570 1777 ab

525 1824 645 1898 illo
706 1825 871 1899 inde
936 1821 1245 1924 tem'pore
1264 1883 1285 1912 ,
1355 1847 1578 1922 quum
1640 1823 1868 1899 adhuc
1908 1823 1985 1897 in
2028 1821 2472 1900 incunabulis
2515 1832 2900 1900 versaretur
2915 1883 2936 1912 ,
2984 1822 3075 1899 ad
3117 1824 3304 1899 hunc
3349 1847 3574 1921 usque

530 1944 718 2018 diem
761 1953 1129 2044 expertum
1172 1945 1284 2020 sit.
2607 2035 2614 2042 ,

625 2065 723 2138 Et
795 2071 1218 2165 quantopere
1289 2066 1449 2142 talis
1517 2065 1869 2140 Historica
1939 2064 2332 2163 disquisitio
2403 2064 2818 2164 Theologiae
2889 2065 3176 2140 Moralis
3239 2064 3575 2140 cultorem

526 2185 637 2258 vel
712 2184 1061 2260 doctorem
1083 2244 1101 2274 ‚
1191 2186 1315 2284 qui
1383 2185 1561 2260 hanc
1631 2184 2071 2285 disciplinam
2140 2183 2574 2258 tractandam
2651 2184 2886 2259 aliisve
2965 2184 3376 2290 tradendam
3448 2184 3576 2257 hac

525 2313 765 2380 nostra
806 2312 1032 2380 aetate
1082 2306 1409 2406 suscipit,
1458 2305 1780 2394 adiuvet,
1828 2304 2232 2380 incredibile
2278 2305 2472 2378 dictu
2517 2310 2643 2378 est.

624 2425 779 2499 Nec
850 2425 1230 2500 admodum
1304 2450 1539 2500 vereor
1593 2428 1683 2499 A.
1712 2410 1720 2420 ’
1749 2425 1854 2499 ΑΙ
1923 2424 2112 2523 quod
2168 2423 2258 2518 ad
2323 2429 2592 2521 partem
2655 2421 3076 2496 thtmicam
3135 2421 3419 2508 attinet,
3486 2447 3576 2496 ne

528 2546 649 2620 illa
667 2604 687 2635 ‚
762 2569 946 2644 quae
1003 2545 1366 2646 hucusque
1419 2545 1804 2645 disputavi,
1852 2546 1927 2620 in
1979 2544 2277 2619 dubium
2331 2541 2556 2616 vocari
2595 2549 2895 2640 queant,
2943 2549 3018 2616 at
3061 2541 3350 2616 fortasse
3401 2542 3576 2616 mihi

526 2674 939 2755 occurrunt,
1002 2666 1127 2765 qui
1182 2667 1255 2741 in
1322 2673 1517 2766 parte
1587 2668 1957 2742 theoretica
2025 2663 2490 2739 construenda
2552 2662 2662 2736 vel
2735 2663 3098 2738 tractanda
3160 2662 3574 2761 Theologiae

528 2785 821 2862 Mor-alis
888 2786 1202 2862 studium
1268 2785 1459 2861 haud
1514 2786 1615 2862 ita
1668 2784 2021 2860 Historiae
2068 2782 2585 2860 Ecclesiasticae
2609 2807 2766 2883 ‘ope
2807 2783 3118 2883 indigere
3176 2783 3572 2883 opinentur.

535 2906 678 2980 Sed
734 2914 859 2982 aut
914 2907 1065 3006 ipse
1123 2906 1399 3006 egregie
1455 2906 1654 2982 fallor
1672 2965 1691 2995 ,
1759 2914 1881 2981 aut
1944 2905 2221 3004 egregie
2267 2902 2606 2979 falluntur
2623 2961 2643 2989 ,
2710 2903 2832 3000 qui
2872 2903 2972 2977 ita
3015 2910 3363 2994 statuant,
3412 2928 3578 2980 cum

522 3028 845 3103 Historia
916 3036 989 3102 et
1066 3028 1179 3102 hic
1223 3026 1551 3103 omnibus
1595 3027 1877 3103 Ethices
1932 3026 2308 3125 penetralia
2350 3022 2774 3099 intrantibus
2823 3022 3044 3098 facem
3085 3025 3423 3124 praeferat
3467 3036 3571 3098 at·
3718 3077 3725 3085 -

524 3174 669 3249 que
730 3148 1066 3248 optimam
1123 3155 1386 3223 sternat
1444 3148 1646 3222 viam.
1763 3144 2016 3223 Quid?
2082 3144 2273 3242 quod
2336 3144 2481 3218 iam
2542 3142 2618 3215 in
2671 3140 2961 3215 introitu
2979 3198 2999 3228 ,
3067 3139 3192 3215 ubi
3259 3141 3574 3239 quaestio

522 3268 735 3343 nobis
796 3275 903 3342 est
964 3267 1387 3355 dirimenda3
1451 3274 1689 3341 utrum
1732 3265 1901 3339 haec
1950 3272 2185 3339 nostra
2228 3262 2592 3361 disciplina
2639 3284 2802 3335 cum
2849 3260 3223 3362 Theologia
3243 3271 3570 3365 ‘contem-

520 3388 789 3489 plativa
849 3388 957 3463 vel
1018 3387 1433 3487 Dogmatica
1480 3386 1906 3463 coniunctim
1960 3384 2284 3483 explicari
2338 3381 2628 3470 debeat,
2681 3388 2762 3454 ut
2816 3380 3028 3454 veteri
3070 3382 3572 3457 consuetudine

519 3517 886 3608 receptum
928 3516 1119 3598 erat,
1167 3532 1257 3583 an
1304 3532 1463 3583 vero
1481 3566 1502 3597 ,
1551 3507 1659 3581 uti
1700 3514 1860 3605 post
1906 3505 2285 3579 Damnum
2312 3510 2383 3578 et
2408 3502 2802 3577 Cancrum
2843 3501 3233 3590 consuevit,
3285 3502 3571 3578 seorsim

519 3628 889 3704 tractanda
951 3628 1084 3718 sit,
1154 3627 1541 3703 Historiam
1616 3626 2047 3701 consuluisse
2105 3623 2396 3699 iuvabit.
2497 3622 2683 3713 Quid
2746 3621 2930 3695 enim
2986 3620 3154 3695 illa?
3229 3621 3569 3697 nVidete”

522 3750 801 3849 inquiet
872 3748 1254 3849 nquamdiu
1330 3746 1761 3823 Christianae
1819 3746 2103 3821 Ethices
2170 3744 2483 3819 studium
2504 3801 2524 3832 ‚
2587 3766 2768 3841 quae
2811 3741 2960 3816 iure
3008 3766 3134 3815 suo
3170 3741 3571 3841 disciplinae

524 3894 786 3945 nomen
854 3868 989 3943 sibi
1038 3866 1379 3957 vindicat,
1426 3868 1500 3942 in
1544 3890 1885 3967 magnum
1927 3865 2253 3941 scientiae
2300 3886 2635 3963 veraeque
2679 3861 3029 3961 religionis
3077 3862 3573 3939 detrimentum

524 3992 741 4067 fuerit
786 3999 1100 4089 spretum
1143 3998 1216 4063 et
1263 3987 1657 4088 neglectum
1680 3988 1747 4061 l''
1822 3987 1996 4060 Mox
2038 4009 2199 4060 vero
2257 3984 2501 4059 addet:
2576 3984 2875 4057 ethvete
2924 3990 3158 4057 tamen
3205 4006 3294 4057 ne
3336 4008 3567 4058 neces-

528 4112 793 4187 sarium
851 4110 1206 4185 Vinculum
1269 4115 1479 4207 atque
1537 4106 1999 4183 arctissimum
2059 4129 2316 4180 nexum
2338 4162 2358 4192 ,
2423 4128 2562 4201 quo
2618 4111 2911 4200 utraque
2958 4102 3318 4201 disciplina
3357 4127 3566 4200 copu-

526 4234 719 4307 latur
738 4280 780 4319 ,·
843 4230 942 4304 ita
1026 4228 1397 4329 negligatis
1413 4286 1433 4317 ‚
1525 4236 1605 4303 ut
1689 4225 1879 4325 quod
1956 4225 2151 4299 Deus
2235 4226 2386 4323 ipse
2479 4222 2910 4298 coniunxerit
2981 4245 3262 4320 prorsus
3332 4222 3566 4297 divelli

525 4350 933 4452 patiamini!
1016 4352 1085 4424 A
1146 4348 1427 4424 Christo
1483 4348 1635 4448 ipso
1686 4346 2183 4448 perfectissimo
2253 4344 2529 4418 virtutis
2591 4339 2906 4439 exemplo
2925 4398 2945 4428 ‚
3017 4350 3088 4414 et
3141 4341 3282 4415 fide
3331 4341 3404 4415 in
3451 4344 3569 4417 illo

526 4472 765 4572 posita
782 4530 803 4560 ‚
872 4494 1070 4547 verae
1131 4468 1515 4545 sanctitatis
1583 4476 1654 4543 et
1718 4468 1899 4543 vitae
1942 4464 2374 4540 Christianae
2421 4461 2612 4535 fonte
2629 4518 2648 4549 ,
2698 4459 3114 4559 principium
3160 4462 3564 4537 moralitatis

529 4616 689 4667 esse
768 4590 1224 4689 repetendum
1298 4587 1822 4689 (praeeuntibus
1890 4611 2029 4662 non
2104 4585 2331 4661 solum
2409 4580 2758 4682 Apostolis
2837 4580 2961 4653 sed
3027 4579 3353 4654 omnibus
3421 4581 3563 4657 fere
3610 4641 3618 4653 .

526 4712 921 4812 primorum
996 4718 1388 4809 temporum
1455 4706 1881 4801 doctoribus)
1958 4705 2151 4782 facile
2210 4703 2414 4779 nobis
2479 4700 2942 4801 persuadebit.
3065 4700 3180 4776 Sic
3243 4726 3519 4800 quoque
3538 4762 3559 4790 ,

530 4832 665 4907 ubi
730 4832 807 4907 in
877 4831 1297 4931 principium
1380 4830 1486 4904 vel
1560 4828 2096 4903 fundamentum
2146 4823 2629 4925 inquirimus,
2707 4822 2822 4898 cui
2893 4822 3107 4897 veluti
3174 4824 3566 4900 aedificium

2995 4944 3086 5015 18
