4766 6034
1836 619 2397 706 onai-10.
3510 639 3640 708 289

609 835 764 924 sus'
791 870 942 922 esse
998 845 1284 922 omnino
1345 842 1834 933 reiiciendum3
1897 844 2048 921 loeo
2097 845 2348 921 cedant
2403 844 2835 945 dignioribus
2879 839 3129 921 leviora
3148 902 3169 934 ,
3222 851 3297 920 at
3336 844 3636 922 eundem

606 966 786 1042 infra
839 971 1200 1046 resumant
1259 988 1486 1064 neque
1549 963 1858 1064 undique
1905 963 2363 1040 excludantur
2375 995 2397 1054 ς
2441 963 2788 1064 quidquid
2830 965 3017 1042 enim
3066 964 3394 1042 edocetur
3440 987 3639 1040 mens

605 1092 880 1174 nostra,
925 1083 1006 1158 id
1052 1085 1244 1160 lucro
1286 1083 1688 1160 ducendum
1735 1090 1880 1173 est,
1928 1095 2000 1160 et
2043 1107 2252 1160 usum
2301 1085 2555 1183 poterit
2596 1083 2849 1160 habere
2898 1109 3126 1162 suum.
3228 1084 3369 1160 His
3422 1083 3641 1183 igitur

605 1204 698 1279 de
740 1203 1134 1304 quisquiliis
1179 1202 1322 1294 iarn
1367 1203 1598 1286 missis
1615 1262 1636 1293 ‚
1685 1203 1777 1279 ad
1809 1223 1814 1228 ’
1821 1203 2132 1304 graviora
2168 1212 2623 1280 transeamus.
2720 1203 2817 1280 Et
2865 1203 2964 1280 sie
3001 1204 3145 1280 fere
3186 1229 3231 1281 a
3276 1204 3639 1304 permultis

603 1323 1018 1424 intelligitur
1059 1322 1373 1424 quaestio
1389 1381 1412 1414 ,
1459 1331 1543 1398 ut
1587 1324 1664 1399 id
1701 1324 1820 1425 agi
1865 1324 2099 1400 dicant
2114 1383 2136 1414 ,
2178 1331 2419 1400 utrum
2462 1349 2577 1400 res
2621 1325 2855 1425 potius
2900 1348 2995 1401 an
3035 1327 3241 1400 verba
3288 1323 3428 1399 sint
3474 1348 3639 1400 cum

605 1442 1134 1520 adolescentulis
1193 1442 1786 1522 communicanda.
1888 1446 2092 1523 Quae
2157 1469 2245 1520 ex
2303 1451 2500 1543 parte
2546 1443 2773 1521 otiosa
2818 1453 3021 1534 sunt,
3070 1469 3299 1545 neque
3346 1443 3436 1520 ab
3488 1443 3641 1543 ipso

605 1563 910 1640 multum
967 1563 1273 1639 absurdo
1317 1574 1582 1643 remota
1596 1621 1618 1652 ,
1666 1586 1830 1639 nam
1875 1563 2084 1638 verba
2121 1563 2260 1638 nisi
2300 1563 2567 1663 aliquid
2627 1563 3088 1664 significantia
3129 1563 3301 1664 quid
3357 1563 3516 1640 dem
3524 1587 3643 1638 um

485 1690 500 1700 '
607 1689 774 1757 sunt
789 1739 812 1772 ‚
877 1690 950 1758 et
1007 1683 1199 1783 ipsae
1268 1707 1380 1758 res
1445 1684 1794 1781 quomodo
1849 1683 1988 1758 nisi
2049 1682 2274 1780 verbis
2329 1683 2693 1759 tradantur
2739 1707 2883 1759 non
2937 1684 3155 1784 capio.
3254 1684 3357 1759 At
3403 1683 3478 1758 id
3529 1707 3643 1757 vo-

606 1801 804 1891 lunt,
853 1807 1094 1877 utrum
1127 1803 1204 1878 in
1246 1802 1485 1878 fonnis
1527 1802 1996 1903 grammaticis
2015 1859 2036 1891 ,
2077 1827 2168 1879 an
2201 1802 2278 1876 in
2317 1801 2793 1902 cognoscenda
2836 1803 3282 1901 antiquarum
3326 1801 3647 1902 gentium

606 1923 750 1997 vita
787 1928 862 1996 et
905 1921 1218 1998 moribus
1258 1923 1565 1998 laborem
1603 1922 1822 1998 simus
1869 1922 2124 1998 rectius
2165 1921 2459 2024 posituri
2475 1979 2496 2010 ‚
2544 1929 2618 1996 et
2664 1930 2905 1998 utrum
2946 1924 3401 1998 Boncxmtm
3445 1921 3647 1997 nobis

605 2041 837 2140 potius
857 2099 880 2133 ‚
927 2065 1018 2118 an
1067 2043 1582 2120 Runmrnmtm
1601 2103 1623 2136 ,
1689 2051 2050 2141 tamquam
2100 2041 2502 2117 absolutum
2559 2039 2991 2141 philologum
3016 2047 3277 2146 ‘mente
3324 2040 3649 2118 informe-

605 2185 787 2237 mus.
889 2161 1171 2242 Quibus
1235 2163 1563 2238 audacter
1627 2160 2190 2262 respondendum
2257 2168 2425 2251 est‚·
2466 2143 2845 2261 utrumque
2907 2185 3059 2238 esse
3124 2161 3477 2260 agendum
3494 2219 3515 2250 ‚
3582 2167 3654 2234 et

605 2279 970 2355 Bnn'rmm
1023 2281 1340 2380 exemplo
1392 2289 1538 2358 tam
1586 2281 1663 2356 id
1709 2281 2089 2356 tenendum
2135 2305 2318 2370 esse,
2383 2303 2690 2378 quanam
2744 2280 3011 2356 ratione
3062 2281 3357 2356 Iambici
3414 2305 3652 2356 versus
3730 2271 3739 2278 ’

605 2407 1003 2498 panguntur
1067 2408 1139 2478 et
1200 2401 1460 2476 formae
1521 2381 1893 2476 nascantur
1955 2399 2445 2475 vocabulorum
2467 2456 2489 2488 ,
2542 2423 2755 2499 quam
2801 2401 3139 2476 Assorus
3189 2400 3349 2499 quis
3398 2399 3649 2487 fuerit,

607 2527 681 2592 et
722 2518 1048 2617 qualibus
1093 2520 1404 2596 nummis
1457 2520 1568 2596 usi
1624 2519 1883 2596 fuerint
1929 2519 2163 2596 Siculi.
2263 2520 2659 2619 Utrumque
2708 2518 2928 2620 igitur
2982 2519 3334 2618 agendum
3389 2527 3531 2608 est,
3578 2529 3653 2594 et

607 2639 707 2712 ita
749 2638 1312 2738 coniungendam
1332 2697 1355 2731 ‚
1401 2650 1484 2716 ut
1529 2641 1604 2715 in
1651 2665 1966 2717 sermone
2014 2640 2322 2716 docendo
2363 2640 2557 2741 ipsae
2608 2640 2941 2716 sermonis
2985 2640 3174 2740 leges
3220 2639 3478 2741 primas
3524 2640 3651 2714 ob-

607 2757 914 2847 tineant,
959 2781 1192 2858 neque
1229 2761 1595 2836 omittatur
1608 2819 1632 2852 ,
1679 2768 1764 2836 ut
1799 2785 1888 2834 ex
1930 2759 2368 2860 antiquitatis
2408 2759 2801 2860 cognitione
2840 2759 3293 2860 moribusque
3338 2767 3651 2836 veterum

608 2901 822 2977 quam
869 2878 1170 2978 plurima
1223 2880 1677 2963 illustrentur.
1774 2881 1882 2954 Ea
1935 2887 2172 2956 autem
2232 2903 2569 2978 quorsum
2624 2878 3061 2956 extendenda
3114 2886 3283 2954 sunt
3301 2937 3323 2970 ,
3370 2903 3513 2956 non
3561 2880 3652 2955 ab

605 2996 710 3073 rei
747 2997 970 3097 ipsius
1017 2997 1248 3074 indole
1294 2999 1438 3075 sive
1484 2999 1850 3101 postulatis
1864 3055 1887 3090 ,
1936 2997 2061 3076 sed
2107 2999 2198 3075 ab
2253 3000 2409 3100 ipsa
2458 2998 2886 3100 singulorum
2942 2997 3303 3075 doctorum
3366 2983 3654 3076 scientia·

605 3118 918 3217 pendent
957 3126 1030 3195 et
1067 3118 1232 3194 inde
1277 3128 1446 3196 sunt
1488 3119 1898 3217 delineanda
1940 3119 2561 3219 describendaque‚
2598 3142 2780 3218 quae
2823 3125 2905 3194 ut
2944 3118 3396 3195 ostendamus
3437 3144 3667 3219 quam

609 3238 753 3313 sint
797 3243 879 3339 et,
917 3236 1254 3336 simplicia
1299 3248 1372 3314 et
1420 3263 1578 3315 vera
1595 3298 1616 3329 ‚
1667 3263 1944 3314 monere
1995 3240 2286 3315 sufficiet
2301 3297 2325 3330 ,
2383 3239 2499 3314 hie
2546 3240 2719 3313 item
2766 3236 3246 3313 doctissimum
3297 3262 3649 3337 quemque

605 3356 870 3455 optime
941 3380 1092 3431 esse
1159 3357 1530 3433 docturum
1604 3368 1678 3434 et
1735 3358 2057 3433 facillime
2118 3361 2645 3458 penetraturum
2702 3356 2810 3431 vel
2867 3357 2960 3432 ad
3002 3356 3456 3445 intricatiora3
3508 3382 3649 3433 non

607 3474 798 3553 enim
841 3482 1118 3551 tantum
1138 3534 1162 3567 ,
1209 3502 1351 3575 quo
1393 3478 1566 3577 quid
1609 3486 1855 3578 suapte
1898 3488 2147 3553 natura
2187 3476 2456 3553 facilius
2473 3535 2495 3566 ,
2544 3502 2637 3553 eo·
2671 3476 2923 3552 melius
2967 3500 3012 3551 a
3054 3475 3411 3575 discipulis
3454 3486 3653 3563 tene-

605 3594 804 3671 bitur
821 3653 842 3684 ‚
899 3594 1022 3671 sed
1085 3596 1294 3672 etiam
1315 3654 1336 3685 ,
1397 3621 1540 3695 quo
1595 3597 1982 3673 accuratius
2023 3596 2202 3673 illud
2247 3596 2631 3697 intelliget,
2686 3619 2969 3696 quoque
3012 3595 3239 3695 magis
3288 3596 3651 3696 perspicue

607 3714 1182 3815 interpretabitur
1239 3716 1373 3791 iste
1396 3774 1418 3805 ,
1483 3716 1610 3815 qui
1663 3740 1782 3791 eos
1837 3716 2058 3791 docet.
2176 3717 2290 3793 Ita
2339 3715 2403 3790 si
2450 3716 2609 3815 quis
2660 3715 2769 3789 vel
2812 3714 3081 3813 aridam
3127 3716 3479 3814 quandam
3498 3774 3520 3807 ‚
3574 3726 3653 3791 ut

609 3835 811 3911 aiunt
825 3892 846 3924 ,
907 3833 1390 3933 grammatices
1448 3858 1766 3911 normam
1825 3834 2040 3935 probe
2109 3834 2530 3911 intellectam
2600 3840 2785 3909 recte
2849 3843 3219 3935 proponat,
3272 3842 3345 3909 et
3400 3836 3651 3911 melius

609 3954 942 4053 infigetur
1001 3954 1256 4031 animis
1299 3953 1696 4031 auditorum
1749 3963 1820 4029 et
1861 3955 2098 4030 utilior
2143 3954 2274 4030 erit
2327 3952 2727 4054 saepissime
2746 4011 2767 4042 ‚
2822 3978 3033 4052 quam
3086 3954 3147 4029 si
3192 3954 3298 4029 vel
3344 3955 3647 4053 praecla-

610 4073 970 4148 rissimum
1026 4072 1293 4173 aliquid
1353 4073 1712 4149 inventurn
1731 4080 1768 4164 ,'
1805 4074 1944 4149 sibi
1989 4099 2133 4150 non
2187 4080 2626 4175 perspectum
2646 4132 2667 4163 ,
2720 4072 3165 4172 stupentibus
3215 4071 3652 4159 auditoribus

609 4194 766 4292 ipse
829 4200 1122 4292 stupens
1177 4198 1476 4293 exponat
1517 4193 1828 4293 aliquis,'
1852 4194 2050 4270 cuius
2089 4193 2190 4269 rei
2232 4193 2391 4270 talis
2427 4191 2729 4294 cognitio
2770 4216 3000 4292 neque
3046 4192 3257 4267 etiam
3300 4191 3437 4267 nisi
3480 4192 3649 4290 ipsis

617 4312 1068 4410 stupentibus
1117 4312 1370 4412 poterit
1415 4336 1568 4387 esse
1607 4312 1973 4412 stupenda.

719 4428 862 4504 Sed
905 4428 1097 4505 aliud
1142 4429 1316 4530 quid
1361 4430 1684 4507 obiicitur
1725 4456 1766 4505 e
1803 4431 2194 4531 graviorum
2237 4454 2488 4533 genere
2502 4487 2525 4521 ‚
2572 4454 2713 4531 quo
2753 4452 2942 4506 nunc
2983 4436 3056 4505 et
3104 4436 3401 4504 'utuntur
3443 4429 3651 4505 multi

615 4556 696 4625 et
752 4548 1142 4624 abutuntur
1157 4606 1179 4638 ,
1249 4548 1440 4649 quod
1492 4552 1750 4651 partim
1819 4574 1970 4627 esse
2023 4556 2264 4627 verum
2317 4532 2492 4626 solet
2536 4548 2727 4633 haud
2778 4536 2945 4625 satis
3006 4572 3225 4648 aeque
3280 4548 3603 4648 denegari
3625 4604 3649 4637 ,

613 4668 820 4743 cuius
858 4668 960 4743 rei
1001 4668 1178 4748 nihil
1217 4693 1370 4745 esse
1397 4670 1654 4747 falsum
1699 4694 1841 4745 non
1889 4669 2334 4747 sustinebunt
2375 4668 2515 4745 nisi
2560 4668 2683 4768 qui
2723 4667 3089 4768 quidquid.
3168 4668 3333 4743 Non
3374 4668 3647 4744 scholae

615 4812 750 4865 nos
791 4788 934 4865 iam
975 4787 1213 4882 aiunt,
1261 4788 1386 4877 sed
1436 4790 1655 4883 vitae,
1703 4800 1776 4865 et
1820 4789 2100 4875 discere.
2125 4797 2200 4869 et
2246 4789 2515 4885 doceri,
2562 4812 2801 4890 neque
2840 4788 2933 4865 ad
2978 4788 3196 4865 vitam
3217 4812 3367 4889 esse
3404 4786 3649 4865 litteris
