4766 6034
1576 661 1960 728 SERIES
2030 659 2683 727 LECTIONUM.

3412 659 3641 752 ¹61

807 867 1216 968 Chymiam,
1267 891 1446 966 quae
1493 871 1904 968 anorganica
1943 875 2260 956 vocatur,
2311 867 2587 942 docebit
2622 863 2870 939 iisdem
2913 862 3199 952 diebus,
3275 864 3441 940 hora
3507 865 3639 941 XI.

807 988 1054 1061 Artem
1103 987 1730 1088 pharmaceuticam
1769 987 2209 1062 theoreticam
2247 993 2318 1060 et
2349 984 2956 1085 experimentalem
2995 1009 3201 1083 expo-

903 1114 1064 1196 net,
1116 1105 1364 1180 diebus
1411 1105 1652 1182 Lunae
1707 1113 1778 1181 et
1825 1107 2156 1182 Mercurii
2177 1165 2234 1202 ,‚
2239 1159 3203 1182 ..............

811 1228 1306 1303 Oeconomiam
1352 1227 1650 1302 ruralem
1703 1229 1966 1316 tradet,
2018 1227 2267 1302 diebus
2315 1225 2567 1300 Martis
2618 1235 2689 1300 et
2737 1225 2957 1314 Iovis,
3039 1284 3054 1299 .
3113 1282 3129 1300 .
3186 1284 3201 1298 .

813 1349 1304 1448 Experimenta
1343 1349 1755 1423 instituendi
1799 1355 2018 1422 artem
2055 1347 2330 1422 docebit
2349 1405 2370 1434 ,
2418 1353 2489 1420 et
2527 1345 2869 1420 Exercitia
2905 1345 3203 1444 practica

909 1469 985 1541 in
1032 1467 1478 1543 Laboratorio
1525 1468 2000 1543 moderabitur
2047 1467 2377 1566 quotidie.
2974 1531 2981 1536 .

810 1589 994 1662 Cum
1063 1588 1390 1663 studiosis
1441 1589 1981 1687 provectioribus
2031 1589 2118 1662 de
2165 1587 2607 1688 Physiologia
2648 1585 2959 1687 chymica
3002 1588 3203 1662 collo-

3470 1105 3641 1180 XII.

3468 1225 3641 1300 XII.

803 1745 808 1750 ·
917 1715 1208 1807 quetur‚
1258 1709 1371 1784 die
1416 1709 1744 1796 Veneris,
1796 1709 1964 1784 hora
2013 1709 2402 1810 vespertina
2466 1765 3209 1786 ............
3277 1707 3647 1783 V—VIII.

625 1830 712 1904 G.
779 1829 839 1905 I.
902 1828 1226 1904 Vnnmm
1285 1829 1650 1905 Elementa
1697 1830 2132 1906 Geometriae
2182 1831 2427 1930 planae
2476 1838 2547 1904 et
2594 1827 3214 1927 Trigonometriam

726 1946 1006 2047 planam
1053 1946 1317 2034 tradet,
1369 1945 1483 2021 die
1534 1947 1720 2022 Iovis
1737 2005 3207 2036 .....................

3544 1947 3653 2036 Χ,

1003 2074 1074 2140 et
1121 2067 1234 2141 die
1281 2066 1572 2142 Veneris
1595 2124 2901 2156 ...................
2946 2101 2976 2142 ·.
3030 2125 3046 2142 .
3106 2125 3121 2141 .
3180 2124 3195 2139 .
3277 2065 3389 2140 IX
3438 2074 3509 2140 et
3558 2068 3650 2142 X.

821 2187 1376 2261 Stereometriam
1413 2195 1483 2260 et
1515 2187 2134 2287 Trigonometriam
2159 2187 2584 2286 sphaericam
2614 2186 2927 2274 docebit,
2968 2185 3217 2260 diebus

915 2305 1166 2400 Martis
1213 2315 1285 2381 et
1333 2308 1664 2382 Mercurii
1679 2361 3211 2396 ......................

823 2425 1186 2500 Calculum
1258 2425 1803 2502 Differentialem
1857 2439 1942 2514 et
1997 2428 2420 2528 Integralem
2488 2427 2799 2525 itemque
2861 2427 3216 2502 Mechani-

919 2569 1074 2619 cam
1121 2545 1482 2637 tractabit,
1530 2547 1780 2622 diebus
1827 2556 1898 2624 et
1944 2549 2128 2660 horis
2177 2556 2416 2648 postea
2458 2547 2866 2622 indicandis.

823 2663 1106 2740 Scholas
1155 2665 1654 2766 paedagogicas
1703 2668 2032 2758 habebit,
2082 2669 2194 2742 die
2241 2667 2524 2757 Lunae,
2576 2667 2743 2742 hora
2791 2667 3173 2742 commoda.

625 2783 1044 2858 F.KA1sn1z
1076 2786 1594 2862 Astronomiem
1621 2789 2065 2865 theoreticam
2101 2789 2366 2877 tradet,
2414 2787 2663 2861 diebus
2702 2787 2983 2874 Lunae,
3026 2789 3213 2862 Mar-

729 2903 861 2990 tis,
913 2905 1244 2980 Mercurii
1293 2912 1365 2980 et
1409 2907 1595 2982 Iovis
1615 2965 3218 2996 .......................

833 3025 1348 3101 Astronomiam
1396 3027 1765 3126 practicam
1785 3089 1805 3119 ‚
1856 3029 2103 3104 iisdem
2155 3030 2404 3105 diebus
2418 3084 3232 3119 ............

834 3144 1346 3221 Astronomiam
1370 3205 1390 3234 ,
1430 3171 1642 3245 quam
1679 3148 2080 3248 popularem
2125 3155 2371 3223 vocant
2390 3206 2409 3235 ,
2450 3148 2677 3223 tradet
2713 3145 2961 3220 diebus
2986 3146 3227 3221 Lunae

926 3271 999 3337 et
1045 3264 1272 3353 Iovis,
1322 3266 1492 3341 hora
1537 3268 1924 3365 vespertina
1968 3323 3221 3343 ..................
3364 3258 3371 3269 ¹

824 3384 996 3458 Post
1059 3384 1294 3461 Ferias
1337 3386 1692 3486 paschales
1733 3393 1967 3463 autem
2012 3387 2180 3462 hora
2218 3388 2523 3485 quadam
2570 3386 2949 3475 matutina,
3006 3386 3229 3461 Audi-

924 3504 1192 3581 toribus
1239 3507 1620 3582 commoda.

831 3623 1158 3724 Singulos
1226 3616 1386 3701 suos
1445 3627 1822 3704 Auditores
1883 3630 1976 3705 ad
2017 3629 2290 3705 coelum
2331 3627 2491 3703 tubi
2530 3572 2741 3726 optici
2783 3654 2916 3728 ope
2960 3629 3224 3728 perlus-

929 3745 1260 3821 trandum
1310 3747 1491 3845 aptis
1540 3750 1968 3848 temporibus
2017 3748 2347 3825 evocabit.

835 3864 1030 3938 Artis
1079 3865 1490 3942 observandi
1536 3868 1898 3943 Exercitiis
1946 3869 2258 3968 quotidie
2304 3867 2621 3967 praeerit.

833 3982 1367 4059 Arithmeticam
1411 3986 1866 4061 universalem
1913 3987 2178 4074 tradet,
2230 3986 2481 4061 diebus
2529 3985 2813 4072 Lunae,
2860 3986 3111 4062 Martis
3165 3996 3236 4062 et

934 4103 1303 4192 Mercurii,
1383 4160 3222 4183 .........................

640 4226 728 4298 G.
801 4222 901 4297 H.
975 4245 1072 4299 nr.
1131 4226 1404 4301 annsn
1459 4165 2012 4326 Phytographiae
2065 4224 2519 4300 fundamenta
2578 4223 2807 4299 tradet
2851 4228 3239 4302 autumnali

741 4352 1096 4443 tempore,
1149 4345 1440 4445 singulis
1489 4345 1738 4421 diebus
1760 4400 3230 4435 .....................

841 4462 1246 4539 Plentarum
1273 4464 1754 4564 indigenarum
1775 4526 1794 4555 ,
1837 4474 1910 4541 et
1935 4467 2204 4541 medica
2236 4465 2488 4539 virtute
2516 4464 2987 4562 praeditarum
3006 4524 3027 4553 ,
3064 4466 3232 4539 His-

941 4585 1190 4658 toriam
1225 4583 1634 4673 illustrabit,
1677 4612 1885 4661 verno
1911 4596 1982 4662 et
2008 4586 2267 4663 aestivo
2299 4593 2630 4681 tempore,
2665 4583 2911 4657 iisdem
2942 4583 3189 4659 diebus
3210 4643 3231 4673 ,

835 4702 1346 4803 Physiologiam
1412 4705 1806 4804 plantarum
1878 4715 2213 4807 exponet,
2281 4704 2529 4780 diebus
2598 4703 2839 4778 Lunae
2858 4762 2879 4792 ,
2951 4704 3203 4779 Martis
3221 4763 3242 4793 ,

949 4824 1280 4901 Mercurii
1328 4832 1399 4899 et
1447 4824 1632 4901 Iovis
1651 4884 2222 4915 .........
2279 4886 2294 4899 .
2349 4880 3235 4907 .............

3447 2307 3655 2380 VIII.

3570 4108 3671 4183 11.
3706 4088 3715 4097 '

3573 4346 3672 4420 11.

3511 4583 3676 4659 v11.

3578 4824 3679 4899 II.
