4766 6034
908 697 948 704 -
1953 625 2012 694 Ο
2056 627 2114 694 R
2160 627 2216 692 A
2259 627 2310 694 T
2353 629 2385 694 1
2432 625 2511 694 Ο.
3249 637 3255 642 ’
3649 623 3737 692 31

693 837 816 920 quis
866 835 1103 900 Medicis
1117 881 1134 912 ,
1189 834 1460 915 rebusque
1511 832 1584 895 ad
1635 834 2056 900 Astronorniam
2105 836 2322 917 alisque
2375 833 2777 918 pertinentibus
2830 833 3079 896 Libellus
3124 833 3205 915 (p.
3254 831 3417 916 296).
3496 833 3569 894 In
3608 831 3738 894 vitis

693 941 1128 1018 Prophetarum,
1188 939 1450 998 Virorum
1500 944 1838 1013 amona,
1903 943 2290 1017 neoloqonm
2343 937 2427 1020 (p.
2480 940 2594 1000 298
2646 943 2702 1000 et
2742 933 2954 1016 seqq.),
3006 936 3069 996 in
3106 935 3299 1017 primis
3340 933 3573 996 notandi
3610 941 3736 996 sunt

692 1041 864 1106 Liber
902 1039 972 1104 de
1011 1040 1192 1124 Quflis
1231 1042 1654 1104 Jemanensibus
1693 1041 1774 1124 (p.
1818 1047 1934 1104 300
1979 1048 2038 1104 et
2075 1037 2288 1122 seqq.),
2328 1039 2728 1102 ’Ibno’s·sobki
2766 1037 2837 1099 de
2879 1017 3099 1100 Safe'itis
3138 1037 3218 1119 (p.
3262 1041 3379 1100 302
3424 1043 3481 1098 et
3518 1037 3733 1118 seqq.),

689 1144 812 1206 'Ibn
853 1143 1147 1224 Molaqqin
1185 1143 1266 1226 (p.
1315 1141 1490 1225 309),
1533 1145 1645 1206 alii.
1726 1143 1814 1206 De
1853 1144 2104 1224 Aeqypts‘
2141 1144 2427 1206 Judicibus
2466 1143 2637 1204 Liber
2674 1147 3008 1204 memoratus
3046 1162 3101 1222 p.
3146 1143 3259 1205 317
3304 1145 3362 1203 et
3400 1160 3553 1221 seqq.

775 1243 878 1326 29)
939 1247 1075 1324 Peg.
1119 1250 1198 1306 14
1237 1246 1338 1308 lin.
1380 1249 1480 1308 ult.
1563 1247 1723 1310 Haec
1761 1247 1970 1309 itinera
2007 1247 2166 1309 multi
2203 1253 2395 1329 postea
2436 1247 2853 1318 describebant,
2894 1246 3092 1325 quibus
3124 1245 3415 1326 opusculis
3442 1244 3539 1304 alii
3572 1263 3739 1324 porro

692 1348 984 1410 utebantur
1043 1350 1352 1429 Scriptores
1365 1393 1382 1421 ,
1450 1351 1906 1427 Oosmoqrapbias
1967 1355 2361 1430 componentes
2375 1392 2393 1420 ,
2454 1369 2591 1428 quas
2650 1368 2761 1428 quo
2817 1348 3121 1410 accuratius
3176 1347 3619 1418 conscriberent,
3674 1345 3739 1406 hi

693 1450 860 1510 etiam
889 1449 1090 1512 itinera
1121 1451 1228 1531 ipsi
1261 1451 1649 1532 suscipiebant.
1705 1453 1924 1512 Harum
1957 1457 2278 1534 conspectus
2311 1472 2424 1531 ,quo
2458 1451 2674 1512 facilior
2703 1450 3019 1514 redderetur
3034 1496 3049 1524 ,
3082 1451 3323 1530 ipsarum
3350 1457 3737 1528 argumentum

691 1553 786 1614 alii
820 1553 1020 1614 deinde
1057 1555 1120 1612 in
1159 1553 1478 1614 Leoeicoruns
1509 1554 1748 1614 formam
1777 1555 2136 1634 redigebant,
2178 1574 2412 1634 quorum
2450 1555 2561 1614 alia
2592 1554 2821 1632 majoris
2834 1599 2851 1628 ,
2894 1553 3003 1616 alia
3039 1554 3270 1614 minoris
3308 1560 3436 1614 sunt
3475 1551 3734 1612 ambitus.

771 1657 1106 1735 Huiusmodi
1159 1657 1580 1720 Itinerariorum
1595 1703 1612 1731 ,
1667 1659 2223 1741 cosmographiamm
2239 1704 2254 1731 ,
2315 1657 2753 1737 Lexioorumque
2813 1659 3065 1738 exempla
3116 1657 3283 1718 MSS.
3340 1661 3531 1718 nostra
3584 1653 3734 1714 Bibl.

692 1758 840 1820 haud
880 1779 1052 1840 pauca
1091 1760 1338 1841 possidet
1355 1805 1370 1832 ,
1413 1760 1615 1822 eximia
1651 1761 1899 1844 profecto
1941 1760 2190 1840 ejusdem
2225 1762 2570 1820 ornamenta.
2648 1759 2739 1818 Ex
2778 1759 2849 1820 iis
2886 1764 2999 1820 tres
3038 1755 3367 1816 nobilissimi
3401 1755 3735 1835 Scriptores,

691 1881 764 1922 ne
815 1861 886 1922 de
939 1863 1141 1924 Laio-0
1203 1864 1580 1940 Geoyraphico
1619 1866 1846 1945 loquar,
1889 1864 2036 1944 typis
2075 1862 2316 1945 expressi
2358 1867 2489 1922 sunt
2502 1905 2523 1938 ,
2560 1860 2911 1934 ahud-fedi,
2950 1861 3303 1940 Abqazwini,
3344 1859 3465 1920 ’Ibn
3513 1857 3738 1931 Gobair.

695 1964 810 2024 Alii
862 1971 1052 2026 tamen
1108 1965 1308 2028 edendi
1358 1973 1604 2030 restant:
1659 1967 1782 2028 'Ibn
1825 1967 2042 2047 Eauqal
2081 1968 2236 2046 (Cat.
2272 1969 2368 2040 11,
2422 1985 2477 2046 p.
2522 1963 2701 2046 131),
2740 1964 3089 2026 nbc-Umid
3128 1961 3397 2026 ‘Al-Bekrl
3436 1959 3516 2042 (p.
3562 1959 3739 2039 132),

689 2067 810 2128 'ibn
863 2068 994 2146 'ljas
1046 2067 1130 2150 (p.
1177 2067 1354 2146 134),
1409 2069 1747 2151 Ἀῶάἰιιιὶἔςῐ
1789 2069 1870 2152 (p.
1922 2067 2098 2151 134),
2139 2077 2197 2132 et
2233 2068 2566 2130 nl-ubderii
2596 2065 2677 2148 (p.
2728 2067 2871 2150 136)
2910 2073 3074 2148 atque
3114 2065 3350 2128 Macarii
3389 2062 3740 2156 Patriarchae

692 2169 1030 2232 Antiocheni
1067 2172 1360 2232 Itineraria
1399 2170 1480 2253 (p.
1523 2171 1688 2254 137).

774 2271 876 2354 30)
937 2274 1076 2352 Peg.
1135 2277 1204 2334 15
1267 2274 1368 2334 lin.
1429 2277 1485 2338 7.
1567 2275 1823 2350 Primus,
1877 2275 1938 2336 in
1993 2295 2106 2357 quo
2159 2276 2363 2336 Libros
2423 2274 2735 2335 orientales
2785 2277 3008 2334 notatos
3063 2269 3216 2333 vides
3232 2315 3247 2342 ,
3312 2269 3609 2348 catalogus
3658 2275 3742 2328 est

691 2373 847 2435 Dal-1.
903 2375 1153 2436 Hamsn
1209 2378 1344 2437 anni
1399 2381 1589 2451 1623,
1647 2376 1746 2439 ubi
1802 2376 2034 2463 Codices
2083 2381 2472 2438 enumerantur
2512 2372 2856 2450 Scaliyeraai
2874 2415 2891 2446 ,
2930 2372 3002 2433 ab
3042 2373 3346 2445 Earnmo,
3386 2378 3450 2432 ut
3490 2369 3739 2443 videtur,

687 2475 962 2558 descripti.
1044 2480 1336 2538 &molum
1389 2499 1538 2540 anno
1597 2484 1757 2542 1630
1811 2479 2104 2560 separatim
2152 2478 2360 2540 editum
2377 2522 2395 2550 ,
2452 2478 2643 2538 Gomo
2681 2476 2979 2550 debemus,
3024 2476 3283 2536 Golianos
3327 2472 3563 2534 Codices
3602 2493 3743 2533 non·

688 2579 866 2640 nullos
919 2580 1294 2644 exhibentem.
1406 2583 1626 2644 Tertius
1681 2589 1862 2646 exstat
1913 2582 1976 2642 in
2033 2580 2278 2661 ejusdem
2333 2581 2587 2642 Hmnsn
2640 2579 2943 2656 catalogo,
2996 2577 3145 2640 edito
3198 2597 3345 2640 anno
3403 2580 3593 2648 1640,
3644 2574 3742 2634 ubi

690 2679 870 2744 dictus
909 2683 1092 2744 Gonu
1129 2681 1311 2744 Index
1350 2685 1612 2766 repetitus
1653 2692 1738 2748 est
1751 2729 1770 2759 ,
1809 2693 1866 2746 et
1905 2685 2252 2762 Smuqeroeai
2293 2685 2487 2746 Gomo
2527 2689 2749 2744 auctore
2781 2681 2979 2746 melius
3008 2681 3411 2744 describuntur.
3497 2681 3742 2746 Quartus

689 2785 834 2846 inest
876 2785 1146 2866 catalogo
1186 2787 1363 2848 Fam.
1404 2790 1750 2850 Sraunmm
1789 2788 1922 2850 anni
1964 2788 2152 2860 1674,
2195 2787 2292 2866 qui
2323 2786 2535 2868 primus
2572 2786 2964 2848 Warneriam
2984 2785 3397 2866 complectitur,
3438 2781 3741 2863 descriptos

691 2909 726 2949 a
773 2888 1033 2950 Boors1o
1049 2934 1065 2963 ,
1122 2889 1292 2950 verba
1342 2888 1414 2950 de
1465 2892 1838 2968 Scaliqeram's
1877 2897 1934 2952 et
1978 2879 2230 2952 Gozioeiio
2273 2908 2342 2948 ex
2383 2893 2446 2949 3⁰
2489 2888 2758 2966 catalogo
2800 2895 3109 2968 repetente,
3151 2893 3210 2948 et
3248 2887 3311 2948 in
3358 2885 3739 2947 Warnerianis

689 2990 1068 3064 recensendis,
1109 2991 1436 3055 adversariis
1473 3000 1695 3071 utente,
1737 3017 1774 3057 a
1811 2996 2045 3057 Taren.
2080 2993 2395 3065 Parnaso,
2430 2997 2491 3055 ct
2517 2994 2763 3054 Armeno
2798 2991 3116 3053 Christiano
3152 2993 3350 3053 Saum
3384 2990 3651 3053 Canmso
3682 2988 3741 3049 in

691 3114 789 3155 eos
829 3100 958 3157 ants
995 3097 1218 3177 paratis.
1307 3098 1544 3165 Quintae
1580 3099 1640 3159 in
1683 3100 1950 3177 catalogo
1991 3098 2127 3159 Jac.
2168 3098 2476 3159 Gnonovn
2515 3095 2649 3157 anni
2690 3096 2847 3159 1716
2886 3100 3134 3175 receptus
3174 3099 3289 3165 est,
3330 3093 3427 3154 ubi
3460 3114 3495 3154 a
3526 3113 3581 3173 p.
3620 3097 3739 3153 404

693 3194 764 3257 ed
817 3201 932 3257 401
989 3197 1146 3257 Libri
1191 3198 1320 3259 00.
1362 3206 1751 3261 enumerantur
1787 3200 1858 3261 ab
1901 3200 2284 3271 Humum,
2327 3198 2559 3259 Canon
2594 3200 2901 3259 Senum
2942 3196 3161 3257 auxiliis
3200 3196 3436 3257 fruente.
3519 3199 3741 3255 Sextum

693 3299 900 3381 incepit
951 3300 1039 3360 cl.
1079 3300 1279 3375 Dozr,
1334 3304 1490 3381 cujus
1541 3306 1648 3365 duo
1699 3304 1981 3367 volumina
2029 3301 2351 3383 prodierunt
2398 3320 2546 3362 auno
2602 3304 2758 3362 1851
2776 3346 2793 3373 ,
2847 3300 2948 3362 ubi
2982 3299 3043 3361 in
3086 3302 3365 3375 Proloqo,
3405 3320 3461 3379 p.
3504 3315 3641 3359 1111
3683 3303 3740 3357 et

692 3419 878 3483 seqq.,
920 3409 984 3463 ut
1021 3409 1148 3465 ante
1191 3404 1472 3467 Wznnns
1512 3407 1572 3468 in
1618 3409 1832 3469 Orient-
1873 3407 1934 3480 1,
1978 3426 2033 3486 p.
2081 3408 2194 3465 298
2242 3408 2300 3467 et
2339 3422 2527 3484 seqq.,
2568 3404 2639 3465 de
2679 3404 2769 3465 his
2808 3405 3089 3483 catalogis
3127 3404 3316 3465 multis
3354 3402 3629 3464 disseruit.

773 3501 876 3586 31)
935 3505 1073 3585 Pag.
1115 3510 1188 3567 15
1231 3506 1334 3569 lin.
1377 3512 1433 3569 8.
1517 3508 1652 3575 vid.
1693 3508 1970 3570 Praefatio
2009 3506 2081 3569 ed
2120 3507 2397 3584 Spes-imm
2440 3508 2699 3583 Gataloqi
2715 3550 2731 3579 ,
2772 3528 2829 3588 p.
2866 3524 2963 3569 111.

773 3605 876 3689 82)
935 3608 1072 3687 Peg.
1121 3612 1194 3669 15
1241 3609 1342 3671 lin.
1385 3612 1480 3671 14.
1581 3612 1656 3673 In
1711 3613 1926 3673 Orient.
1980 3612 2048 3684 Ι,
2089 3631 2144 3692 p.
2189 3612 2304 3671 311
2351 3614 2409 3669 et
2448 3628 2633 3689 seqq.,
2677 3616 2734 3671 et
2772 3612 2869 3684 11,
2912 3632 2967 3693 p.
3012 3614 3127 3671 196
3172 3614 3229 3671 et
3266 3627 3421 3689 seqq.
3502 3608 3591 3669 De
3634 3626 3735 3669 suo

693 3714 951 3793 apparatu
1001 3711 1282 3773 Wnnnns
1335 3712 1454 3793 ipse
1505 3716 1750 3795 loquitur
1797 3714 1934 3775 ibid.
1976 3715 2038 3787 Ι,
2093 3734 2150 3794 p.
2203 3718 2322 3773 304
2375 3718 2434 3773 et
2484 3732 2635 3793 seqq.
2653 3758 2670 3785 ,
2726 3717 2784 3774 et
2832 3712 2903 3773 de
2962 3732 3031 3773 eo
3086 3712 3197 3773 vid.
3252 3711 3419 3773 Dozr
3476 3712 3536 3770 in
3592 3714 3737 3772 Pro·

689 3816 845 3889 2090,
901 3835 960 3895 p.
1013 3831 1193 3875 xxm
1249 3823 1309 3877 et
1363 3836 1518 3897 seqq.
1615 3819 1806 3881 Alium
1873 3822 2039 3896 atque
2099 3814 2493 3877 Haustanes
2510 3862 2525 3889 ,
2596 3818 2773 3877 multo
2828 3834 3029 3897 nempe
3088 3814 3429 3887 breviorem,
3490 3820 3739 3877 attamen

691 3916 922 3977 oonsilio
964 3917 1305 3999 aptissimum
1347 3922 1676 3999 Catalogum
1717 3920 2062 3981 conscribere
2094 3918 2203 3980 sibi
2234 3926 2611 4001 proposuerat.
2690 3918 2967 3983 Laborem
2998 3916 3275 3999 quomodo
3308 3936 3599 3996 aggressus
3630 3918 3705 3980 sit
3718 3960 3737 3991 ,

608 4022 618 4031 ’
693 4019 752 4078 in
808 4020 1023 4081 Orient.
1079 4023 1120 4081 1.
1169 4024 1210 4083 l.
1267 4023 1330 4097 Ι,
1387 4044 1443 4105 p.
1505 4030 1620 4085 298
1664 4030 1722 4086 et
1763 4043 1950 4102 seqq.,
2005 4021 2124 4103 ipse
2161 4024 2423 4085 narravit.
2503 4022 2717 4097 Quibus
2756 4022 3026 4100 cognitis,
3066 4019 3582 4094 animadvertimus,
3626 4040 3737 4101 quo

693 4121 888 4183 ardore
939 4124 1174 4185 ferretur
1225 4125 1298 4185 ad
1354 4126 1684 4206 catalogum
1735 4124 2028 4206 aliquando
2085 4122 2354 4187 edendum
2371 4170 2389 4199 ,
2444 4126 2732 4197 omnibus,
2782 4130 3051 4205 quantum
3089 4123 3212 4185 fieri
3252 4124 3453 4205 possit,
3494 4124 3735 4185 numeris

699 4224 1026 4287 absolutum.
1107 4228 1424 4289 Quominus
1477 4250 1645 4311 opera
1695 4230 1926 4291 celerius
1965 4226 2285 4310 procederet
2300 4271 2316 4300 ,
2368 4227 2773 4309 impediverunt
2816 4234 2935 4289 tum
2974 4228 3149 4287 multa
3190 4225 3439 4289 Muneris
3478 4226 3705 4303 negotia
3720 4269 3736 4298 ,

697 4334 756 4387 et
805 4327 1081 4390 indefessa
1133 4349 1264 4391 cura
1279 4376 1296 4404 ,
1351 4332 1759 4415 Discipulorum
1813 4332 2008 4395 studiis
2051 4331 2328 4413 impensa,
2383 4336 2505 4392 tum
2543 4352 2739 4408 graves
2778 4330 2945 4391 etiam
2983 4328 3153 4410 ipsius
3193 4329 3273 4389 rei
3289 4373 3305 4402 ,
3346 4348 3511 4408 quam
3553 4348 3733 4409 perse·

694 4429 964 4507 quebatur
979 4476 997 4503 ,
1054 4432 1340 4495 molestiae
1355 4479 1372 4507 ,
1425 4434 1496 4496 de
1548 4437 1746 4515 quibus
1785 4434 2040 4517 exposuit
2076 4434 2138 4495 in
2179 4436 2447 4494 Sermone
2462 4478 2477 4505 ,
2529 4453 2679 4495 anno
2723 4436 2879 4494 1841
2922 4430 3321 4493 Amstelodami
3358 4431 3417 4491 in
3460 4437 3735 4493 conventu

695 4530 902 4593 Classis
957 4538 1050 4593 8⁸·
1104 4536 1355 4597 Instituti
1405 4538 1576 4616 Regii
1627 4538 1853 4611 habito,
1913 4544 1972 4597 et
2023 4555 2156 4597 mox
2209 4534 2360 4596 edite
2415 4536 2593 4610 (Ooer
2629 4538 2725 4595 bet
2766 4534 3191 4609 Katazoqieeren
3227 4554 3335 4595 aaa
3376 4535 3502 4596 00.
3541 4536 3739 4595 Hand·

695 4635 1016 4713 schriflen).
1097 4636 1404 4712 Quominus
1460 4661 1590 4702 vero
1645 4641 1796 4705 hunc
1845 4639 2094 4701 laborem
2147 4638 2488 4710 absolveret,
2542 4636 2741 4699 deinde
2790 4637 3075 4719 prohibuit
3122 4638 3341 4697 infirma
3376 4636 3631 4699 valetudo
3670 4657 3737 4698 ac

695 4735 919 4799 morbus
933 4780 952 4810 ‚
1007 4740 1104 4819 qui
1161 4748 1357 4823 postea
1407 4743 1736 4818 accedebat,
1786 4742 2014 4807 lethalis
2028 4787 2045 4818 ,
2093 4762 2206 4823 quo
2262 4741 2544 4805 confectus
2595 4740 2745 4803 diem
2796 4740 2941 4805 obiit
2978 4760 3289 4823 supremum
3327 4758 3516 4803 mense
3556 4738 3735 4821 Aprili

696 4837 828 4898 anni
872 4843 1048 4903 1844.
3538 4846 3549 4859 ⁸
