4766 6034
1911 627 2473 701 ORATIO.
3584 641 3714 710 117

675 846 776 902 tes.
839 873 920 886 -
981 839 1120 902 Fide
1189 837 1614 922 apprehenditur
1668 841 1920 904 remissio
1981 849 2328 925 peccatorum
2381 865 2447 906 ac
2501 843 2698 922 gratia.
2778 844 2857 904 Et
2914 845 3046 924 quia
3096 866 3195 928 per
3247 847 3413 911 fidem
3452 853 3717 934 accipitur

678 943 952 1026 :Spiritus
991 965 1038 1006 s.
1079 944 1194 1005 iam
1235 941 1402 1004 corda
1441 946 1774 1004 renovantur
1811 950 1868 1006 et
1905 945 2142 1008 induunt
2179 967 2356 1010 novos
2386 947 2639 1022 affectus,
2682 955 2743 1010 ut
2774 967 2963 1029 parere
2996 949 3145 1010 bona
3174 969 3343 1033 opera
3377 954 3604 1034 possint.
3631 989 3715 1002 —

679 1049 848 1109 uSine
887 1047 998 1108 fide
1037 1048 1189 1108 nullo
1229 1045 1397 1109 modo
1437 1050 1618 1127 potest
1657 1045 1898 1109 hnmana
1936 1055 2134 1112 natura
2166 1050 2332 1132 primi
2374 1057 2471 1112 aut
2510 1051 2737 1114 secundi
2777 1053 3054 1134 praecepti
3090 1075 3258 1134 opera
3296 1056 3497 1119 facere.
3525 1067 3533 1075 ‘
3580 1031 3715 1121 Sine

677 1150 823 1210 efide
878 1171 994 1210 non
1049 1149 1274 1212 invocat
1311 1148 1528 1221 Deum,
1587 1169 1622 1208 a
1660 1148 1784 1210 Deo
1825 1151 1968 1214 nihil
2007 1159 2316 1236 exspectat,
2373 1174 2489 1214 non
2528 1156 2729 1216 tolerat
2772 1175 3022 1228 crucem,
3080 1158 3178 1218 sed
3218 1161 3432 1239 quaerit
3472 1161 3713 1224 humana

677 1251 1012 1333 apraesidia,
1066 1251 1297 1313 confidit
1337 1251 1594 1312 humanis
1636 1253 1938 1332 praesidiis.
2020 1257 2112 1318 Ita
2151 1263 2388 1335 regnant
2425 1257 2487 1316 in
2528 1257 2693 1319 corde
2732 1278 2925 1320 omnes
2964 1259 3290 1340 cupiditates
3305 1307 3321 1334 ,
3378 1270 3435 1323 et
3474 1265 3715 1327 humana

677 1356 976 1427 tconsilia,
1021 1374 1147 1416 cum
1185 1353 1342 1436 abest
1379 1354 1515 1415 fides
1559 1361 1616 1416 et
1653 1354 1853 1418 fiducia
1898 1377 2033 1436 erga
2072 1358 2331 1432 Deum'’,
2374 1365 2478 1421 art.
2513 1361 2645 1420 XX.
2683 1361 2847 1422 Conf.
2880 1367 2939 1422 et
2967 1365 3137 1438 Apol.
3180 1367 3339 1442 Gont'.
3362 1365 3433 1426 ad
3466 1375 3709 1446 quaest:

677 1459 848 1536 aquid
895 1459 976 1518 eit
1017 1459 1170 1538 fides
1207 1457 1641 1538 justfflcm?”
1699 1466 1757 1522 ct
1811 1464 1976 1524 Aru.
2030 1465 2226 1524 Smalc.
2283 1464 2348 1525 P.
2391 1465 2475 1524 H.
2514 1465 2581 1524 de
2601 1465 3019 1546 justificatione
3052 1485 3084 1526 e
3109 1468 3261 1544 fide,
3321 1487 3486 1547 quem
3526 1471 3711 1530 locum

671 1561 1058 1638 gravissimum
1115 1581 1232 1622 non
1293 1581 1512 1643 possum
1572 1581 1688 1622 non
1749 1561 1984 1627 addere:
2050 1563 2174 1625 nDe
2227 1564 2336 1626 hoc
2375 1566 2605 1626 articulo
2648 1565 2840 1626 cedere
2860 1611 2877 1640 ,
2942 1573 3052 1645 aut·
3074 1569 3279 1648 aliquid
3318 1577 3511 1632 contra
3551 1572 3711 1634 illum

677 1665 941 1742 elargiri,
995 1669 1091 1726 aut
1144 1665 1460 1745 permittere
1515 1684 1680 1726 nemo
1736 1665 1954 1746 piorum
2007 1671 2190 1748 potest
2204 1711 2219 1740 ,
2277 1667 2494 1728 etiamsi
2550 1670 2766 1728 coelum
2818 1675 2874 1730 et
2914 1677 3061 1730 terra
3100 1692 3165 1732 ac
3204 1673 3393 1734 omnia
3429 1684 3703 1738 corruant.

674 1769 842 1828 nNon
885 1767 1036 1828 enim
1076 1773 1162 1830 est
1198 1766 1350 1828 aliud
1386 1787 1592 1828 nomen
1631 1767 1954 1831 hominibus
1994 1769 2212 1843 datum,
2255 1791 2354 1851 per
2390 1770 2539 1850 quod
2580 1769 2779 1832 salvari
2819 1772 3119 1853 possimus,
3162 1773 3345 1854 inquit
3363 1777 3554 1838 Petrus
3576 1781 3708 1842 Act.

679 1871 816 1931 eIV.
879 1871 957 1930 Et
989 1889 1089 1952 per
1120 1872 1348 1932 vulnera
1385 1869 1502 1931 cius
1541 1872 1721 1932 sanati
1760 1892 1944 1934 sumus
1983 1875 2114 1936 Esa.
2156 1875 2317 1935 LIII.
2377 1875 2457 1934 Et
2494 1876 2551 1934 in
2595 1875 2704 1935 hoc
2741 1874 2973 1935 articulo
3018 1876 3123 1936 sita
3152 1884 3281 1938 sunt
3312 1883 3369 1938 et
3402 1880 3709 1942 consistunt

674 1972 926 2046 oomnis,
970 1991 1112 2053 quac
1153 1978 1348 2034 contra
1387 1974 1624 2054 Papam,
1666 1974 1949 2038 diabolum
1989 1982 2046 2038 et
2080 1978 2395 2038 universum
2417 1976 2677 2064 muudum
2698 1978 2757 2037 in
2780 1978 2895 2039 vita
2911 1985 3101 2038 nostra
3119 1977 3407 2051 docemus,
3442 1989 3708 2044 testamur

673 2081 765 2136 net
791 2076 1025 2154 agimus.
1086 2076 1275 2137 Quare
1311 2081 1532 2156 oportet
1570 2096 1675 2137 nos
1709 2077 1778 2138 de
1813 2079 1920 2138 hac
1953 2077 2206 2140 doctrina
2225 2099 2342 2140 esse
2363 2083 2543 2140 certos
2560 2124 2576 2153 ,
2616 2085 2673 2140 et
2692 2080 2919 2141 minime
2941 2081 3227 2155 dubitare,
3262 2084 3505 2164 alioquin
3527 2091 3709 2148 actum

672 2187 792 2240 nest
830 2199 1050 2260 prorsus
1067 2223 1083 2252 ,
1125 2184 1181 2239 et
1221 2179 1371 2258 Papa
1411 2184 1468 2240 et
1507 2178 1760 2240 diabolus
1801 2183 1857 2238 et
1895 2179 2083 2238 omnia
2119 2177 2346 2243 adversa
2383 2179 2471 2240 ius
2510 2185 2568 2240 ct
2608 2179 2895 2241 victoriam
2936 2187 3129 2242 contra
3164 2203 3269 2244 nos
3307 2185 3625 2247 obtinent.'’
3778 2179 3787 2188 “

756 2284 1042 2364 Confessio
1081 2283 1313 2359 Belqica
1327 2327 1344 2354 ‚
1387 2282 1520 2343 licet
1558 2282 1796 2363 primum
1837 2281 1968 2343 fidei
2006 2281 2284 2343 obiectum
2323 2283 2653 2360 generaliori
2686 2301 2847 2342 sensu
2882 2283 3117 2364 accipiat
3150 2285 3221 2346 de
3255 2287 3364 2347 Dei
3396 2291 3698 2363 voluntate,

664 2387 726 2450 in
785 2407 830 2448 s.
889 2389 951 2446 S.
993 2385 1158 2446 nobis
1199 2386 1499 2466 patefacta,
1563 2390 1668 2446 art.
1710 2385 1892 2458 VIII,
1949 2405 2121 2465 aeque
2163 2405 2227 2447 ac
2267 2385 2574 2446 camus
2591 2430 2606 2458 ,
2663 2385 2809 2464 quod
2852 2386 3139 2450 Confessio
3178 2389 3345 2450 etiam
3385 2395 3709 2468 Augustana

666 2489 853 2571 ponit,
918 2496 1106 2552 tamen
1153 2488 1502 2570 praecipuum
1558 2489 1674 2550 eius
1725 2489 2004 2550 obiectum
2043 2489 2104 2548 in
2145 2495 2491 2570 peccatorum
2534 2487 2855 2550 remissione
2896 2488 3047 2550 cerni
3086 2491 3301 2564 statuit,
3359 2493 3534 2573 deque
3575 2493 3707 2556 fidei

665 2593 854 2654 indole
891 2592 1044 2654 idem
1083 2597 1294 2654 monet.
1375 2593 1556 2653 Nam:
1603 2591 1972 2665 ‚eredimus’n
2011 2591 2223 2673 inquit,
2269 2591 2571 2674 eSpiritum
2613 2611 2659 2652 s.
2702 2611 2887 2656 veram
2922 2592 2985 2652 in
3020 2592 3273 2654 cordibus
3305 2597 3507 2656 nostris
3537 2597 3706 2658 fidem

670 2696 1004 2758 aescendere
1019 2741 1036 2768 ‚
1093 2715 1234 2775 quae
1285 2696 1473 2756 Iesum
1531 2695 1814 2758 Christum
1871 2715 1998 2757 cum
2045 2696 2302 2756 omnibus
2341 2695 2455 2756 suis
2490 2694 2702 2756 meritis
2744 2696 3091 2776 amplectitur
3106 2740 3122 2770 ,
3165 2716 3399 2778 eumque
3438 2707 3599 2760 suum
3641 2721 3707 2761 ac

667 2801 808 2860 usibi
863 2801 1146 2882 proprium
1201 2785 1364 2860 efficit
1381 2845 1396 2872 ,
1452 2799 1702 2879 nihilque
1755 2799 1988 2880 amplius
2043 2804 2200 2860 extra
2251 2818 2378 2860 eum
2434 2797 2667 2878 quaerit.
2722 2831 2805 2845 —-
2855 2798 3332 2860 Instrumentum''
3386 2808 3473 2862 est
3486 2845 3505 2875 ,
3559 2823 3705 2882 equo

673 2902 994 2963 ‚Christum
1047 2901 1314 2964 iustitiam
1365 2907 1612 2964 nostram
1663 2901 2126 2984 apprehendimus
2141 2947 2156 2976 ‚
2215 2934 2296 2947 -—-
2349 2921 2460 2981 quo
2514 2920 2618 2961 nos
2676 2919 2802 2961 cum
2854 2901 2951 2961 illo
3004 2903 3068 2962 in
3120 2903 3397 2966 communi
3455 2905 3707 2966 omnium

669 3007 980 3069 abonorum
1037 3006 1156 3068 eius
1213 3005 1576 3079 retinemur”,
1629 3002 1762 3067 art?
1781 3006 1974 3067 XXII.
2014 3038 2096 3051 —-
2142 3005 2470 3067 noredimus
2508 3004 2655 3067 hanc
2696 3024 2879 3067 veram
2918 3002 3086 3067 fidem
3124 3026 3223 3086 per
3260 3006 3509 3071 auditum
3550 3008 3707 3069 verbi

667 3111 810 3173 »Dei
871 3118 930 3173 ct
991 3111 1231 3193 Spiritus
1293 3132 1340 3173 s.
1400 3111 1774 3192 operationem
1789 3154 1804 3183 ,
1862 3110 2078 3171 homini
2129 3109 2353 3171 insitam
2371 3154 2388 3181 ‚
2445 3130 2573 3171 eum
2626 3126 2951 3185 regenerare
2966 3151 2983 3180 ,
3047 3126 3359 3189 novumque
3420 3110 3705 3172 hominem

665 3216 942 3287 afficere,
1001 3214 1249 3295 adeoque
1301 3212 1374 3275 sd
1425 3233 1630 3275 novam
1681 3216 1854 3276 vitam
1907 3212 2198 3275 vivendum
2255 3213 2527 3286 excitare,
2584 3219 2642 3274 et
2692 3232 2727 3272 a
2778 3216 3125 3293 peccatorum
3172 3211 3434 3273 servitute
3470 3212 3707 3275 liberum

663 3318 988 3389 uredderc’'‚
1031 3324 1135 3379 art.
1175 3318 1392 3378 XXIV.
1456 3317 1622 3378 Oonf.
1663 3322 1719 3379 et
1766 3321 1890 3379 Get.
1932 3318 2184 3379 Heidelb.
2227 3322 2463 3397 quaeatt.
2508 3320 2580 3377 21
2602 3362 2618 3390 ,
2664 3320 2766 3388 60,
2814 3319 2921 3389 61,
2969 3321 3065 3376 64.

742 3424 890 3494 122)
929 3420 984 3480 N
991 3439 1084 3479 am
1139 3424 1202 3479 ut
1254 3420 1428 3480 libros
1483 3438 1556 3479 ss.
1571 3462 1590 3489 ,
1644 3418 1726 3479 ita
1771 3425 1831 3479 et
1869 3418 2198 3479 traditiones
2245 3417 2399 3497 upari
2438 3417 2659 3499 pietatis
2700 3415 2897 3477 affectu
2935 3437 3001 3477 ac
3044 3418 3349 3479 reverentia
3386 3418 3609 3511 suscipit
3646 3428 3703 3482 ct

666 3519 1056 3583 ueneratur?
1140 3520 1274 3583 vid.
1336 3524 1496 3581 (Ione.
1559 3520 1713 3581 Did.
1774 3524 1942 3580 Oann.
1989 3527 2065 3579 et·
2085 3522 2252 3581 Decr.
2293 3510 2588 3581 Sess.‘1V.
2630 3522 2655 3597 9
2700 3524 2795 3579 12.
2838 3518 2926 3581 ed.
2969 3519 3191 3581 Danau
3207 3565 3223 3593 ,
3268 3521 3704 3603 condemnatque

657 3644 830 3705 aeque
879 3624 978 3704 qui
1033 3625 1168 3695 has,
1227 3630 1394 3703 atquc
1445 3642 1605 3694 eum,
1663 3623 1758 3702 qui
1811 3623 1938 3683 illos
1983 3624 2196 3684 nsciens
2237 3629 2294 3685 et
2335 3622 2573 3703 prudens
2616 3623 3067 3704 contempserit.”
3110 3624 3247 3685 ibid.
3288 3628 3313 3703 §
3357 3629 3454 3688 13.
3514 3628 3605 3697 cf.
3646 3638 3703 3689 et

666 3733 790 3791 Cat.
839 3733 999 3788 Rom.
1035 3728 1109 3789 1..
1149 3730 1200 3787 Ι.
1242 3728 1308 3787 Ρ.
1349 3727 1430 3787 11.
1475 3746 1524 3787 c.
1567 3726 1702 3787 VII.
1743 3728 1767 3804 9
1814 3708 1949 3789 102.
2011 3727 2142 3787 vid.
2183 3733 2368 3789 tamen
2414 3734 2471 3788 ct
2511 3729 2658 3787 Sess.
2700 3728 2805 3787 VI.
2852 3746 2969 3807 cap.
3010 3728 3113 3788 VI.
3156 3730 3181 3805 9
3222 3727 3322 3789 46.
3401 3730 3528 3791 Imo
3570 3752 3701 3792 vero

657 3830 914 3892 doctrina
967 3831 1250 3891 Ecclesiae
1265 3874 1282 3903 ,
1343 3828 1560 3909 tquae”
1618 3830 1829 3890 scilicet
1875 3849 2091 3891 terrare
2131 3850 2246 3890 non
2285 3835 2469 3911 potest
2506 3829 2566 3890 in
2608 3828 2719 3891 fide
2762 3850 2827 3890 ac
2860 3850 3081 3891 morum
3112 3830 3365 3893 doctrina
3396 3832 3663 3895 tradenda
3682 3880 3698 3908 ,

665 3954 828 3995 acum
867 3954 902 3993 a
940 3932 1148 4015 Spiritu
1190 3953 1238 3994 s.
1281 3932 1680 4010 gubernetur,”
1723 3933 1808 3993 illi
1845 3933 1980 3995 fidei
2017 3934 2298 3995 obiectum
2339 3938 2442 3994 est.
2523 3932 2655 3993 Vid.
2706 3937 2831 3993 θαι.
2871 3938 3031 3993 Rom.
3071 3933 3139 3993 L.
3182 3934 3233 3995 1.
3274 3934 3340 3996 P.
3378 3935 3494 3997 III.
3530 3956 3581 3999 c.
3613 3938 3698 3998 II.

657 4040 686 4114 9
729 4041 864 4097 159.
909 4037 998 4097 cf.
1041 4042 1099 4097 et
1137 4036 1277 4096 ibid.
1317 4037 1380 4097 P.
1420 4038 1472 4097 Ι.
1517 4056 1567 4099 c.
1608 4039 1659 4097 Ι.
1700 4039 1725 4114 9
1769 4041 1864 4097 16.

745 4140 893 4213 123)
933 4136 1130 4199 Fidem
1181 4139 1332 4199 enim
1387 4137 1548 4198 unice
1601 4137 1672 4198 ad
1723 4137 2068 4197 intellectum
2105 4137 2307 4210 refert,
2354 4137 2437 4197 ita
2475 4140 2541 4197 ut
2579 4138 2699 4199 sola
2734 4139 2935 4199 mentis
2976 4137 3325 4228 persuasione
3362 4139 3694 4217 absolvatur.

659 4240 793 4304 vid.
842 4244 1000 4301 Cone.
1048 4240 1292 4301 Ibidem.
1342 4244 1510 4301 Cama.
1549 4246 1606 4299 et
1646 4242 1814 4300 Decr.
1856 4241 2003 4301 Sese.
2045 4240 2150 4299 VI.
2191 4240 2330 4299 Can.
2370 4239 2651 4300 XXVIII.
2694 4244 2719 4319 9
2760 4246 2867 4301 89:
2938 4240 3036 4300 nsi
3062 4241 3186 4321 quis
3218 4240 3452 4315 dixerit,
3494 4243 3695 4305 amissa

661 4363 796 4425 uper
833 4349 1120 4424 peccatum
1159 4345 1340 4422 gratia
1357 4386 1372 4415 ‚
1417 4342 1581 4403 simul
1621 4349 1678 4403 et
1717 4342 1888 4403 fidem
1925 4361 2140 4427 semper
2179 4341 2359 4403 amitti
2375 4386 2393 4414 ,
2434 4347 2531 4402 aut
2564 4342 2733 4403 fidem
2762 4362 2903 4423 quae
2935 4350 3184 4405 remanet
3216 4364 3332 4404 non
3360 4364 3477 4405 esse
3504 4366 3691 4407 veram

665 4446 895 4519 alidum,
949 4446 1082 4507 licet
1135 4466 1251 4507 non
1293 4446 1368 4505 sit
1404 4446 1561 4519 viva,
1615 4453 1711 4508 aut
1750 4466 1878 4508 eum
1894 4492 1910 4519 ,
1951 4446 2046 4526 qui
2085 4444 2253 4505 fidem
2293 4445 2413 4505 sine
2454 4444 2682 4507 caritate
2721 4446 2919 4519 habet,
2962 4465 3077 4506 non
3118 4466 3235 4508 esse
3278 4446 3685 4527 Christianum3

664 4550 996 4611 nanathema
1035 4548 1169 4610 sit.”
1223 4548 1372 4609 Ibid.
1415 4552 1552 4629 Cap.
1593 4550 1728 4610 VII.
1769 4553 1794 4628 9
1835 4555 1946 4611 48:
2015 4548 2244 4609 aeFidem
2285 4553 2417 4609 ante
2455 4549 2728 4629 Baptismi
2765 4555 3163 4611 sacramentum
3196 4568 3267 4610 cx
3300 4552 3691 4631 Apostolorum
3780 4594 3785 4597 -

664 4652 996 4713 otraditione
1041 4652 1436 4713 catechumeni
1477 4655 1544 4711 ab
1568 4653 1823 4713 Ecclesia
1864 4652 2120 4734 petunt.’'
2172 4656 2296 4713 Cat.
2339 4656 2499 4713 Rom.
2538 4651 2609 4713 L.
2648 4652 2701 4713 1.
2739 4652 2805 4711 P.
2846 4652 2897 4711 I.
2943 4651 3010 4711 C.
3048 4652 3099 4713 I.
3132 4654 3157 4729 §
3191 4657 3301 4713 16:
3347 4654 3687 4736 aeCognitio'’

655 4756 812 4836 (finis
827 4802 842 4828 ,
899 4757 996 4835 qui
1049 4754 1118 4815 ad
1171 4754 1571 4817 beatitudinem
1623 4753 1839 4814 homini
1891 4754 2200 4835 propositus
2249 4750 2356 4834 est)
2402 4753 2579 4815 »nihil
2620 4752 2769 4816 aliud
2808 4758 2893 4814 est
2908 4798 2925 4826 ,
2966 4753 3074 4813 nisi
3114 4754 3243 4816 fid&
3259 4801 3274 4829 ,
3320 4756 3473 4817 cuius
3515 4757 3688 4821 virtus

663 4859 864 4920 aeefficit
879 4905 894 4932 ,
955 4865 1020 4921 ut
1070 4857 1131 4918 id
1187 4864 1368 4921 ratum
1423 4858 1725 4921 habeamus
1742 4900 1758 4930 ,
1816 4856 1967 4935 quod
2018 4878 2054 4917 a
2107 4857 2232 4919 Deo
2278 4856 2543 4919 traditum
2592 4876 2710 4919 esse
2764 4855 3139 4921 sanctissimae
3182 4860 3375 4921 matris
3414 4860 3696 4923 Ecclesiae
