4766 6034
1780 673 2335 767 oRAr1o.
3494 678 3581 745 m

599 999 859 1077 «Quod
907 1009 989 1075 ut
1031 1000 1193 1088 fiat,
1250 1000 1604 1077 attendere
1649 1003 1859 1078 etiam
1911 1028 2036 1077 nos
2077 1008 2348 1102 oportet
2389 1003 2479 1077 ad
2513 1001 2716 1089 fidei,
2772 1025 2982 1101 quam
3032 1003 3563 1102 descripsimus,

535 1120 825 1193 indolem
843 1153 867 1191 .-
935 1144 1116 1218 quae
1170 1144 1442 1219 semper
1491 1122 1734 1197 eadem
1783 1130 1930 1211 est,
1986 1148 2206 1221 quum
2254 1122 2605 1197 obiectum
2658 1124 2810 1198 eius
2858 1123 3209 1200 diversum
3252 1150 3402 1201 esse
3447 1150 3567 1223 po·

537 1244 700 1313 test.
791 1239 1005 1317 Quod
1065 1239 1382 1315 videmus
1443 1267 1584 1317 non
1645 1250 1924 1318 tantum
1981 1245 2056 1318 in
2112 1244 2341 1343 gentis
2392 1243 2809 1318 Israeliticae
2861 1252 3055 1343 patre
3082 1246 3211 1336 ¹⁴⁰)
3230 1304 3249 1333 ,
3326 1244 3450 1318 sed
3494 1245 3569 1318 in
3606 1314 3612 1321 .

539 1382 756 1454 quam
803 1359 1120 1458 plurimis
1139 1419 1160 1449 ,
1214 1386 1512 1461 quorum
1557 1363 1732 1438 fides
1779 1365 1872 1437 N.
1917 1364 1998 1437 F.
2053 1363 2248 1438 libris
2294 1382 2710 1463 magnopere
2752 1363 3078 1438 laudatur
3122 1362 3355 1463 atque‘
3374 1362 3571 1438 effer-

535 1487 658 1552 tur
678 1538 697 1565 ‚
751 1478 911 1553 licet
959 1504 1185 1577 pauca
1227 1489 1504 1557 tantum
1549 1484 1801 1584 placita
1850 1484 2128 1585 cognita
2171 1483 2308 1558 illis
2358 1490 2588 1558 essent
2632 1492 2704 1558 et
2751 1492 3030 1583 accepta
3056 1484 3209 1577 ¹⁴¹⁶7).
3281 1485 3572 1559 Illorum

531 1596 874 1673 nimirum
940 1598 1114 1674 fides
1179 1625 1318 1675 non
1375 1602 1449 1677 in
1513 1610 1747 1678 mente
1800 1604 2006 1679 modo
2028 1662 2047 1692 ,
2127 1604 2251 1679 sed
2307 1604 2382 1677 in
2447 1604 2685 1678 animo
2736 1605 3141 1705 praesertim
3190 1604 3571 1694 residebat,

531 1742 880 1818 suamque
945 1720 1084 1795 vim
1155 1729 1230 1795 et
1273 1722 1744 1800 efficacitatem
1793 1726 1867 1798 in
1911 1732 2059 1800 tota
2097 1724 2374 1799 illorum
2428 1724 2571 1798 vita
2617 1724 3091 1823 patefaciebat.
3194 1724 3400 1800 Hanc
3442 1724 3573 1823 igi-

529 1846 657 1910 tur
717 1838 930 1913 fidem
953 1897 973 1927 ,
1043 1865 1222 1938 quae
1295 1866 1452 1917 vere
1483 1844 1694 1919 -fides
1770 1844 1908 1920 dici
1975 1852 2317 1932 meretur,
2390 1843 2461 1918 et
2520 1844 2656 1945 ipsi
2720 1852 3068 1919 sectemur
3093 1903 3111 1932 ,
3193 1844 3264 1918 et
3307 1845 3379 1918 in
3426 1844 3578 1919 aliis

527 1957 970 2056 requiramus
1028 1962 1452 2061 maximique
1513 1964 1867 2041 faciamus.
1970 1968 2174 2045 Quae
2232 1990 2373 2064 quo
2442 1965 2668 2064 magis
2733 1972 2979 2064 regnat
3042 1965 3117 2038 in
3183 1964 3385 2039 nobis
3404 2024 3424 2054 ,
3496 1990 3577 2041 eo

525 2077 774 2153 minus
819 2080 1152 2178 proclives
1196 2083 1454 2158 erimus
1499 2084 1589 2159 ad
1627 2086 1786 2161 illos
1827 2085 2368 2160 contemnendos
2388 2144 2407 2173 ‚
2452 2094 2524 2158 et
2570 2084 3137 2159 condemnandos
3162 2144 3181 2173 ‚
3233 2084 3356 2183 qui
3376 2144 3397 2173 ,
3447 2086 3579 2159 etsi

525 2199 610 2273 in
654 2199 1008 2276 nonnullis
1045 2226 1088 2275 a
1131 2202 1336 2277 nobis
1380 2202 1841 2297 dissentiunt,
1892 2230 2049 2280 vera
2091 2214 2325 2280 tamen
2365 2205 2507 2278 fide
2554 2230 2627 2279 se
2677 2206 2981 2304 gaudere
3019 2205 3391 2279 ostendant
3412 2208 3569 2299 ¹⁴⁸).

523 2321 788 2418 Neque
825 2321 1042 2395 ¹enim
1103 2330 1384 2422 propter
1453 2324 1775 2402 reiectam
1845 2325 2136 2401 alicuius
2201 2324 2333 2399 loci
2395 2324 3034 2424 interpretationem
3056 2384 3076 2411 ,
3151 2324 3239 2398 de
3302 2350 3443 2423 qua
3504 2328 3577 2400 in

527 2447 907 2539 utramque
961 2450 1230 2539 partem
1289 2443 1628 2545 disputari
1673 2447 1924 2546 possit,
2001 2452 2140 2521 aut'
2166 2453 2446 2546 propter
2486 2452 2756 2520 certum
2802 2444 3156 2544 quoddam
3199 2444 3533 2543 placitum
3553 2472 3591 2534 ,·

477 2618 488 2627 .
527 2562 610 2635 in
663 2560 959 2636 dubium
1003 2570 1320 2639 vocatum
1341 2622 1359 2652 ,
1416 2566 1581 2665 quia
1628 2566 1857 2641 doceri
1907 2565 2083 2641 illud
2129 2567 2203 2640 in
2248 2565 2505 2641 Codice
2548 2590 2603 2639 s.
2652 2562 2853 2639 nobis
2894 2587 3035 2655 non
3076 2570 3388 2651 constat;
3452 2566 3579 2639 sed

525 2688 818 2781 propter
867 2680 1191 2758 reiectam
1241 2684 1769 2783 patefactionem
1820 2682 2126 2759 divinam
2149 2742 2168 2771 ‚
2218 2684 2343 2757 sed
2383 2689 2663 2783 propter
2705 2682 3037 2757 reiectum
3074 2683 3533 2784 Evangelium
3553 2743 3572 2771 ,

533 2803 662 2877 sed
703 2810 984 2902 propter
1015 2803 1350 2879 reiectum
1395 2805 1789 2881 Camarum
1809 2863 1828 2893 ,
1892 2804 2461 2878 Conservatorem
2498 2810 2815 2877 nostrum
2850 2803 3136 2877 unicum
3162 2860 3180 2890 ,
3228 2803 3351 2877 sed
3373 2829 3579 2904 prop-

529 2934 644 2997 ter
698 2923 1022 2998 reiectam
1074 2922 1209 2997 Dei
1263 2925 1555 3025 gratiam
1580 2983 1601 3014 ,
1659 2925 1734 2999 in
1773 2948 1857 2999 eo
1894 2924 2122 3022 palam
2163 2922 2418 2998 factam
2437 2981 2457 3011 ,
2512 2921 3150 2997 condemnabimur.
3259 2922 3578 3001 Quicun-

533 3069 678 3142 que
736 3067 934 3117 suam
978 3043 1051 3117 in
1092 3045 1245 3118 Deo
1293 3046 1765 3144 Cmus'roque
1810 3044 2138 3118 fiduciam
2177 3067 2515 3142 reponens
2536 3101 2556 3131 ,
2614 3067 2897 3117 omnem
2939 3065 3139 3142 suam
3180 3067 3221 3116 a
3260 3042 3413 3116 Deo
3456 3067 3583 3142 per

533 3157 934 3238 Cnais‘ruu
995 3189 1118 3263 spe
1174 3174 1526 3265 exspectat
1581 3167 1875 3240 salutem
1895 3223 1917 3252 ,
1981 3163 2321 3262 cuiusque
2373 3164 2549 3238 fides
2608 3163 2875 3238 fructus
2926 3163 3141 3237 laetos
3188 3169 3259 3236 et
3327 3163 3579 3241 uberes

534 3283 711 3372 fert,
750 3284 823 3357 in
871 3307 1102 3358 amore
1145 3310 1307 3361 cum
1353 3311 1518 3386 erga
1562 3287 1794 3361 Deum
1839 3285 2415 3383 Cams'rtmque,
2473 3292 2631 3359 tum
2692 3309 2857 3382 erga
2906 3283 3151 3358 fratres
3191 3307 3575 3383 omnesque

533 3411 830 3479 naturae
895 3428 1060 3480 suae
1133 3406 1350 3481 socios
1421 3406 1981 3506 conspiciendos,
2044 3402 2232 3480 hunc
2295 3404 2675 3479 Cmusrus
2739 3404 2814 3477 in
2878 3403 3029 3476 suis
3078 3402 3325 3491 habet,
3387 3403 3579 3478 hunc

534 3547 770 3598 coram
839 3524 1044 3598 Patre
1128 3549 1255 3599 suo
1319 3526 1804 3614 confitebitur,
1876 3524 2060 3600 hunc
2121 3549 2248 3623 pro
2304 3523 2451 3599 filio
2519 3549 2645 3598 suo
2721 3529 3049 3622 agnoscet
3116 3523 3265 3622 ipse
3324 3524 3579 3611 Pater,

533 3643 727 3718 hunc
784 3643 926 3718 vita
969 3649 1248 3720 aeterna
1296 3646 1672 3722 fruiturum
1721 3670 1870 3720 esse
1912 3651 2098 3719 certo
2142 3643 2397 3718 certius
2442 3643 2837 3718 statuimus.
2907 3641 3105 3721 Quid
3144 3642 3364 3740 igitur
3407 3644 3615 3717 nosP'

441 3797 446 3802 ·
533 3764 736 3838 Num
793 3787 920 3837 nos
983 3787 1142 3838 eum
1215 3764 1830 3842 condemnabimus
1851 3823 1871 3853 ,
1937 3773 2006 3839 et
2069 3789 2111 3839 a
2168 3764 2493 3838 societate
2536 3769 2770 3837 nostra
2816 3761 3307 3850 excludemus,
3372 3787 3584 3860 quem

535 3883 955 3971 Cnms'rns,
1010 3884 1327 3960 omnium
1367 3885 1692 3962 dominus
1737 3885 2142 3983 iudexque,
2193 3907 2407 3982 quem
2450 3882 2599 3982 ipse
2646 3883 2842 3956 Deus
2885 3881 3258 3981 acceperit,
3318 3882 3581 3980 palam-

537 4025 678 4101 que
741 4001 906 4076 olim
965 4003 1057 4077 sit
1110 4004 1580 4103 probaturus?
1655 4004 1905 4079 Absit!
1983 4003 2083 4076 Ut
2142 4027 2556 4102 germanum
2598 4003 2911 4075 Camari
2957 3987 3383 4099 discipulum
3406 4059 3425 4088 ,
3494 4010 3575 4075 ut

531 4121 674 4196 Dei
732 4121 991 4209 filium,
1063 4130 1140 4196 ut
1201 4122 1480 4199 fratrem
1545 4133 1859 4199 nostrum
1887 4183 1905 4211 ,
1977 4147 2356 4220 verumque
2414 4121 2759 4196 Ecclesiae
2809 4126 3083 4195 nostrae
3130 4119 3393 4194 socium
3448 4144 3577 4194 nos

533 4264 822 4342 quoque
882 4267 1046 4317 eum
1115 4267 1570 4342 agnoscamus
1592 4303 1612 4334 ,
1679 4245 2088 4344 diligamus,
2123 4265 2503 4328 amemus,
2533 4240 2721 4332 ¹⁴⁰)!
2819 4241 2911 4312 Et
2974 4239 3036 4313 si
3108 4238 3280 4337 quid
3356 4239 3447 4312 sit
3506 4239 3582 4312 in

535 4363 658 4438 illo
682 4421 704 4448 ,
783 4363 973 4460 quod
1047 4363 1442 4498 displiceat,
1513 4365 1587 4440 in
1663 4389 1804 4465 quo
1865 4387 2088 4438 errare
2151 4362 2352 4437 nobis
2418 4360 2734 4435 videatur
2761 4417 2780 4447 ,
2848 4359 2937 4444 de
2989 4382 3073 4431 eo
3121 4357 3340 4432 amice
3384 4356 3585 4431 illum

535 4482 1082 4571 admoneamus,
1135 4483 1282 4558 sine
1322 4483 1424 4558 ira
1465 4491 1536 4559 et
1583 4484 1742 4559 odio
1785 4508 1947 4558 cum
1989 4482 2108 4556 illo
2143 4482 2631 4580 disputemus,
2674 4478 3028 4552 meliorem
3062 4477 3582 4575 plenioremque

534 4601 639 4676 rei
699 4601 1204 4700 cognitionem,
1269 4603 1361 4679 ad
1409 4603 1693 4680 Panem
1747 4603 2185 4702 exemplum,
2242 4627 2284 4676 a
2330 4602 2484 4675 Deo
2540 4598 2643 4673 illi
2694 4605 3098 4696 exoptantes
3126 4598 3281 4688 ¹⁶⁰).
3381 4597 3581 4673 Haec

537 4719 748 4794 unica
801 4721 913 4796 via
960 4730 1104 4810 est,
1168 4747 1344 4822 qua,
1402 4746 1558 4799 meo
1609 4723 1890 4821 quidem
1945 4722 2247 4809 iudicio,
2308 4725 2701 4819 praesentes
2762 4718 2918 4793 lites
2968 4717 3265 4793 diminui
3314 4717 3581 4816 possint

540 4849 757 4940 atque
806 4843 1144 4942 componi.

3020 4962 3111 5033 13
