4766 6034
1792 653 2179 722 SERIES
2244 651 2906 722 LECTIONUM.
3781 651 3867 720 59

1020 867 1284 966 Legem
1331 862 1760 940 Iudiciorum
1803 864 2224 964 privatorum
2269 886 2651 961 eorumque
2689 859 3075 938 Historiam
3098 919 3119 951 ,
3162 871 3235 936 et
3276 885 3425 936 rem

1117 984 1545 1060 iudiciariam
1592 971 1926 1082 privatam
1949 1043 1969 1072 ,
2038 984 2153 1057 die
2213 981 2401 1056 Iovis
2424 1039 2445 1068 ,
2522 1037 3270 1060 ...........
3326 983 3491 1060 hora
3514 980 3863 1071 Χ-ΧΙΙ,

1213 1110 1285 1179 et
1338 1103 1450 1176 die
1503 1102 1795 1178 Veneris
1813 1161 1834 1193 ,
1883 1127 2047 1179 cum
2095 1100 2723 1178 Exercitationibus
2770 1101 3163 1178 forensibus
3181 1163 3201 1194 ‚
3257 1163 3273 1179 .
3330 1163 3347 1180 .
3402 1165 3417 1181 .
3768 1103 3859 1178 X.

1020 1224 1412 1300 Auctorum
1463 1222 1904 1300 classicorum
1961 1221 2246 1300 selectos
2295 1222 2480 1298 locos
2522 1222 2613 1298 ad
2650 1224 2776 1297 Ius
2816 1223 3218 1300 Romanum
3266 1249 3418 1324 per-

1115 1345 1457 1432 tinenteS,
1510 1343 1624 1419 die
1674 1342 1998 1430 Veneris,
2069 1401 2086 1418 .
2158 1400 2175 1416 .
2233 1399 2252 1416 .
2307 1399 2370 1447 ·.
2382 1398 3422 1420 ...............
3729 1343 3863 1418 ΧΙ.

821 1461 924 1536 Η.
971 1461 1178 1538 Coox
1231 1463 1460 1540 tradet
1496 1465 1622 1538 Ius
1659 1462 2048 1551 criminale,
2097 1461 2346 1537 diebus
2385 1461 2629 1536 Lunae
2647 1521 2667 1550 ,
2735 1460 2985 1536 Martis
3004 1519 3025 1551 ,
3094 1464 3427 1540 Mercurii
3736 1531 3743 1536 .

923 1589 995 1656 et
1039 1583 1266 1672 Iovis,
1344 1641 1362 1660 .
1437 1638 3420 1661 ............................
3725 1582 3861 1658 ΙΧ.

1015 1705 1140 1779 Ius
1169 1703 1533 1805 publicum
1559 1713 1630 1779 et
1657 1703 2034 1790 Gentium,
2071 1701 2320 1776 diebus
2345 1701 2628 1791 Lunae,
2664 1703 2915 1778 Martis
2944 1711 3017 1778 et
3043 1703 3414 1793 Mercurii,
3766 1702 3859 1777 X.

1018 1827 1142 1899 Ius
1189 1824 1542 1914 naturale,
1594 1823 1842 1899 diebus
1887 1824 2172 1911 Lunae,
2220 1823 2473 1899 Martis
2521 1830 2593 1898 et
2639 1823 3007 1914 Mercurii,
3187 1884 3202 1900 .
3256 1883 3273 1900 .
3330 1883 3347 1900 .
3728 1822 3861 1897 XI.

1017 1945 1353 2020 Ordinem
1417 1943 1845 2021 Iudiciorum
1888 1943 2385 2031 criminalium,
2437 1943 2685 2018 diebus
2731 1944 3013 2032 Lunae,
3048 1883 3315 2020 ‘Martis
3354 1951 3427 2020 et

1111 2065 1488 2154 Mercurii,
1567 2117 3423 2142 ...........................
3693 2063 3866 2138 XII.

813 2188 876 2262 I.
922 2209 1018 2260 mi
1063 2185 1258 2261 wn,
1327 2185 1712 2261 Historiam
1777 2184 1962 2260 Iuris
2023 2183 2327 2258 Romani
2376 2183 2761 2272 enarrabit,
2830 2182 3083 2258 diebus
3137 2183 3381 2260 Lunae
3402 2243 3423 2273 ,

915 2306 1168 2382 Martis
1217 2315 1290 2381 et
1335 2306 1706 2396 Mercurii,
1777 2365 1794 2382 .
1867 2361 3419 2382 ......................
3731 2303 3863 2380 ΙΧ.

1011 2426 1633 2527 Encyclopaediam
1701 2431 1774 2500 et
1831 2423 2433 2524 Methodologiam
2478 2425 2664 2500 Iuris
2712 2419 3087 2525 explicabit
3106 2483 3125 2514 ,
3176 2424 3425 2500 iisdem

1113 2545 1362 2622 diebus
1384 2606 1405 2636 ,
1479 2605 1499 2636 ,
1573 2602 3419 2623 ..........................
3775 2542 3867 2620 Χ.

1009 2667 1137 2741 Ius
1183 2667 1669 2742 mercatorium
1713 2672 2050 2767 exponet,
2102 2665 2216 2741 die
2264 2664 2483 2756 Iovis,
2562 2725 2578 2742 .
2653 2726 2668 2742 .
2737 2727 2752 2742 .
2812 2683 2827 2741 .“
2884 2722 3412 2742 ........
3680 2663 3859 2739 XII.

1206 2793 1278 2861 et
1326 2785 1439 2860 die
1484 2785 1774 2861 Veneris
1796 2837 3410 2875 .......................
3463 2783 3576 2859 XI
3597 2790 3669 2860 et
3684 2782 3858 2859 XII.

815 2905 890 2982 S.
938 2903 1346 2980 V1ssna1na
1390 2903 1814 2980 Statisticam
1844 2902 2117 2980 Patriae
2161 2901 2571 3004 explicabit,
2623 2903 2890 2979 diebus
2907 2905 3188 2994 Lunae,
3227 2906 3417 2981 Mar-

915 3026 1008 3101 tis
1055 3032 1127 3101 et
1173 3027 1542 3116 Mercurii,
1617 3084 1634 3101 .
1707 3084 1724 3102 .
1792 3082 3422 3102 ......................
3803 3027 3865 3099 Ι.

1010 3146 1364 3223 Historiae
1409 3148 1730 3245 Europae
1779 3145 2338 3246 diplomaticam,
2385 3145 2636 3220 iisdem
2685 3144 2935 3219 diebus
2955 3202 3413 3234 .......
3760 3145 3864 3220 ΙΙ.

1014 3267 1506 3344 Oeconomiam
1559 3265 1952 3366 politicam,
2003 3264 2116 3340 die
2164 3264 2350 3340 Iovis
2375 3322 3414 3355 ...............
3796 3265 3860 3352 Ι,

1208 3394 1278 3462 et
1327 3387 1444 3463 die
1487 3384 1777 3461 Veneris
1799 3443 3415 3475 .......................
3516 3386 3631 3461 IX
3680 3394 3750 3461 et
3796 3386 3857 3462 Ι.

1731 3583 2231 3658 FACULTAS
2281 3580 2941 3659 THEOLOGICA.

809 3745 932 3820 W.
979 3746 1064 3821 A.
1111 3768 1259 3819 van
1303 3745 1658 3836 Himera,
1707 3754 2068 3846 provectae
2097 3747 2340 3822 aetatis
2379 3770 2588 3821 causa
2618 3746 2791 3820 rude
2824 3745 3157 3836 donatus,
3197 3771 3414 3845 quan-

915 3872 1067 3939 tum
1118 3890 1241 3964 per
1299 3866 1480 3941 vires
1526 3866 1805 3955 licebit,
1849 3866 2269 3943 Academiae
2311 3867 2617 3942 alumnis
2653 3868 2985 3966 prodesse
3030 3868 3411 3943 conabitur.

1015 3984 1198 4059 Cum
1287 3985 1696 4086 'I’heologiae
1771 3986 2099 4062 studiosis
2173 3987 2715 4086 provectioribus
2787 3987 2875 4061 de
2934 3989 3137 4063 variis
3200 3988 3410 4062 rebus

1109 4104 1440 4201 gravioris
1489 4109 1878 4205 argumenti
1927 4106 2352 4182 familiariter
2398 4107 2859 4205 colloquetur,
2926 4108 3049 4181 die
3082 4106 3410 4197 Veneris,
3723 4108 3849 4182 VI.

811 4223 910 4298 N.
972 4220 1292 4299 C.K1s‘r
1356 4224 1742 4300 Historiam
1783 4226 2312 4303 eeclesiasticam
2352 4225 2660 4343 docebit,
2694 4225 3033 4326 imprimis
3069 4227 3410 4316 mediam,

914 4342 1162 4417 diebus
1207 4344 1494 4434 Lunae,
1542 4346 1792 4421 Martis
1841 4356 1912 4421 et
1960 4347 2330 4435 Mercurii,
2406 4406 2421 4421 .
2489 4403 2506 4422 .
2581 4404 2889 4422 .....
2948 4393 2965 4422 ·.
3020 4403 3402 4423 ......
3674 4343 3847 4419 XII.

1013 4462 1442 4539 Christianae
1489 4466 1772 4541 Morum
1801 4468 2224 4567 Disciplinae
2262 4474 2531 4567 partem
2565 4474 2863 4566 exponet
2901 4466 3296 4542 historicam
3338 4473 3410 4540 et

1109 4583 1556 4663 theoreticam
1581 4644 1600 4675 ,
1651 4586 1900 4661 diebus
1953 4588 2194 4664 Lunae
2215 4647 2234 4677 ,
2281 4586 2616 4662 Mercurii
2662 4594 2734 4661 et
2781 4586 3069 4662 Veneris
3093 4643 3404 4676 .....
3712 4584 3847 4660 XI.

1010 4702 1382 4782 Doctrinae
1451 4714 1524 4780 et
1581 4708 2012 4806 Dogmatum
2077 4708 2627 4784 Christianorum
2694 4708 3077 4783 Historiam
3140 4706 3367 4781 tradet
3387 4764 3407 4795 ,

1111 4825 1358 4903 diebus
1408 4827 1715 4905 Ioviset
1760 4825 2050 4901 Veneris
2071 4884 2090 4915 ,
2157 4883 3409 4904 ..................
3680 4822 3851 4898 XII.
