4766 6034
1161 603 1246 669 22
2227 603 3133 675 F.G.KR11;GER

1265 811 1407 885 Sed
1452 811 1576 886 has
1620 835 1860 887 omnes
1879 869 1900 900 ,
1945 812 2036 887 de
2085 812 2342 911 quibus
2390 815 2503 914 egi
2521 874 2541 905 ,
2594 817 2833 893 laudes
2880 841 3023 892 una
3068 840 3287 914 eaque
3332 817 3593 916 insigni
3638 817 3849 894 laude
3894 819 4186 898 διερευ-

1164 956 1474 1009 anninus
1511 931 1911 1008 cumulavit.
1979 934 2148 1008 Erat
2194 934 2379 1009 enim
2418 935 2479 1010 is
2498 995 2519 1024 ,
2566 937 2641 1010 in
2689 961 2829 1034 quo
2875 943 3071 1012 vasta
3102 942 3175 1010 et
3218 936 3587 1036 multiplex
3614 939 3958 1030 doctrina,
4006 941 4187 1042 inge·

1158 1053 1354 1128 nium
1429 1078 1644 1153 sagax
1703 1059 1776 1127 et
1838 1053 2028 1128 ferax
2078 1055 2528 1131 coniunctum
2590 1065 2737 1132 erat
2788 1082 2951 1132 cum
3012 1055 3229 1132 animi
3274 1059 3571 1134 candore
3590 1118 3611 1148 ‚
3676 1060 4075 1160 integritate
4124 1071 4187 1137 et

1154 1173 1536 1250 nobilitate.
1609 1175 1902 1249 Summo
1937 1175 2321 1251 litterarum
2367 1201 2599 1252 amore
2642 1177 2995 1265 imbutus,
3046 1177 3155 1251 his
3191 1179 3710 1276 promovendis,
3756 1181 4187 1279 popularium

1153 1295 1403 1370 animis
1473 1295 1898 1394 expoliendis
1918 1353 1937 1384 ,
2012 1296 2646 1397 discipulorumque
2714 1296 3015 1397 ingeniis
3058 1297 3299 1372 eodem
3321 1356 3341 1387 ,
3410 1323 3549 1397 quo
3614 1300 3761 1398 ipse
3820 1300 4185 1400 flagrabat,

1154 1416 1505 1490 literarum
1553 1441 1786 1492 amore
1841 1416 2292 1492 incendendis
2355 1425 2573 1493 totam
2628 1419 2841 1494 vitam
2901 1418 3264 1492 dedicavit.
3367 1418 3883 1518 Quodcumque
3940 1445 4189 1498 munus

1155 1536 1303 1610 eius
1373 1560 1578 1610 curae
1647 1536 1784 1610 fuit
1845 1538 2256 1613 mandatum
2280 1598 2297 1627 ,
2368 1547 2551 1613 recte
2608 1539 2873 1613 curavit
2936 1543 3007 1612 et
3070 1539 3389 1639 religiosa
3454 1536 3595 1614 fide
3661 1540 4184 1618 administravit.

1151 1655 1320 1732 Erat
1368 1657 1688 1731 assiduae
1743 1657 2144 1758 diligentiae
2162 1719 2183 1748 ,
2247 1659 2633 1734 indefessae
2675 1660 3095 1748 industriae,
3160 1661 3423 1736 tenacis
3488 1661 3917 1737 constantiae
3968 1687 4185 1738 exem·

1147 1778 1318 1876 plar.
1419 1779 1722 1852 Animus
1768 1779 1870 1852 illi
1916 1787 2062 1854 erat
2109 1781 2451 1856 candidus
2473 1840 2492 1869 ‚
2542 1780 2937 1868 modestus,
2986 1805 3031 1856 a
3076 1781 3513 1857 simulatione
3559 1780 3857 1882 fucoque
3888 1781 4149 1858 alienus
4166 1817 4183 1871 ;

1149 1897 1581 1998 benignitate
1651 1908 1798 1974 erat
1865 1900 2236 2000 singulari,
2302 1901 2625 1976 comitate
2670 1907 2743 1974 et
2794 1901 3201 1977 liberalitate
3219 1961 3240 1990 ,
3304 1901 3647 1977 officiosus
3710 1926 3877 2000 erga
3953 1926 4185 2000 quem-

1097 2025 1107 2032 '
1149 2041 1448 2117 cumque
1517 2027 1589 2093 et
1654 2020 2033 2096 multorum
2101 2020 2332 2097 studia
2381 2045 2509 2094 sua
2563 2016 2875 2094 doctrina
2928 2027 3360 2107 sustentans;
3432 2044 3656 2119 aequo
3696 2026 3771 2094 et
3824 2021 4186 2119 tranquillo

1149 2137 1382 2213 animo
1435 2139 1721 2214 iniurias
1773 2141 2040 2218 ferebat
2089 2142 2224 2216 sibi
2269 2141 2498 2216 illatas
2542 2146 2613 2214 et
2660 2138 3058 2214 auctoribus
3110 2139 3533 2239 ignoscebat.
3638 2139 3917 2216 Sincero
3962 2163 4185 2214 amore

1154 2259 1470 2335 homines
1545 2285 1786 2336 omnes
1839 2261 2389 2364 amplectebatur
2452 2267 2525 2334 et
2582 2258 3168 2358 prosequebatur,
3227 2259 3421 2334 verbi
3466 2259 3683 2334 divini
3736 2285 3879 2336 non
3918 2266 4185 2336 tantum

1149 2380 1602 2482 dignissimus
1666 2384 2005 2485 interpres
2022 2443 2044 2474 ,
2115 2384 2240 2460 sed
2301 2381 2512 2456 etiam
2574 2379 2815 2454 Divini
2876 2381 3347 2481 Praeceptoris
3406 2380 3633 2454 fidelis
3687 2381 3759 2456 in
3822 2368 4065 2480 paucis
4120 2385 4187 2452 et

1145 2502 1306 2600 pius
1356 2501 1760 2600 discipulus.
3352 2580 3369 2596 ‚

1245 2622 1532 2697 Viribus
1597 2622 1900 2723 corporis
1963 2622 2219 2698 sensim
2289 2620 2685 2719 sensimque
2734 2619 3217 2696 deficientibus
3268 2618 3381 2694 die
3430 2622 3522 2694 26
3570 2619 3832 2694 mensis
3886 2620 4183 2694 Novem-

1155 2741 1299 2816 bris
1318 2800 1338 2831 ,
1389 2742 1534 2816 suis
1555 2801 1574 2830 ,
1622 2743 2042 2818 Academiae
2087 2743 2501 2842 Patriaeque
2552 2749 2829 2840 ereptus
2878 2747 3005 2815 est.

1241 2862 1585 2937 Postridie
1647 2862 1797 2938 eius
1854 2864 1994 2938 diei
2041 2888 2182 2964 quo
2235 2871 2555 2938 mortuus
2610 2869 2759 2952 est,
2827 2860 3090 2961 collega
3137 2867 3369 2935 noster
3414 2859 3809 2934 carissimus
3827 2915 3847 2946 ,
3911 2859 4037 2932 Vir
4082 2859 4183 2934 01.

1143 3005 1240 3059 nn
1297 2981 1530 3059 Vanis
1597 3008 1828 3061 coram
1893 2983 2252 3086 discipulis
2323 2983 2469 3059 suis
2536 2981 2745 3058 verba
2808 2981 2975 3058 fecit
3043 2981 3133 3056 de
3204 2978 3533 3057 defuncto
3600 2986 4039 3079 praeceptore
4118 2986 4183 3055 et

1144 3105 1400 3195 amico;
1469 3130 1610 3205 qua
1654 3105 1962 3182 oratione
2007 3131 2308 3182 amorem
2333 3164 2354 3193 ,
2405 3104 3050 3201 venerationemque
3098 3101 3401 3201 spirante
3448 3100 3807 3201 exposuit,
3856 3110 4185 3198 quantam

1141 3227 1216 3303 in
1265 3226 1384 3302 illo
1431 3234 1668 3302 nostra
1713 3226 2095 3303 Academia
2141 3228 2480 3302 iacturam
2528 3224 2788 3301 fecerit.

1241 3348 1481 3426 Quam
1541 3346 1668 3421 viri
1733 3346 1970 3421 eximii
2025 3348 2363 3422 iacturam
2424 3345 2610 3421 iusto
2656 3344 2887 3419 dolore
2930 3342 3307 3417 recolentes
3356 3348 3555 3441 grato
3596 3340 3830 3415 animo
3878 3342 4181 3416 recorde-

1149 3492 1308 3543 mur
1326 3527 1346 3556 ,
1412 3474 1586 3567 quot
1635 3474 1708 3540 et
1753 3474 2016 3564 quanta
2055 3467 2393 3543 beneficia
2437 3468 2513 3541 in
2562 3465 2779 3542 totius
2823 3464 3085 3565 patriae
3138 3462 3689 3565 emolumentum
3741 3461 4183 3539 δικωπε-

1147 3611 1279 3662 Κιο
1329 3594 1608 3685 accepta
1652 3585 2051 3666 referamus.

2408 3834 2939 3849 ff

1247 4069 1382 4145 Pio
1451 4070 1672 4147 officio
1742 4070 2112 4146 defunctus
2132 4126 2152 4158 ,
2227 4074 2443 4167 atque
2509 4044 2749 4141 eorum
2821 4086 3053 4139 coram
3116 4060 3315 4138 vobis
3380 4060 3673 4161 'repetita
3728 4062 4061 4137 memoria
4118 4066 4187 4135 et

1151 4190 1291 4267 vita
1354 4190 1770 4290 perlustrata
1789 4249 1840 4280 ,,
1881 4212 2181 4289 quorum
2245 4194 2542 4263 mortem
2606 4192 2691 4259 ut
2746 4190 3178 4283 praesentem
3224 4180 3453 4257 dolere
3500 4205 3889 4280 numquam
3934 4181 4185 4257 desini-

1151 4335 1344 4401 mus,
1395 4311 1486 4387 ad
1529 4311 1664 4388 alia
1713 4310 1874 4386 licet
1925 4309 2220 4385 transire
2266 4308 2567 4408 gratiora
2614 4312 2685 4381 et
2736 4304 3037 4380 laetiora.

1249 4432 1346 4507 Et
1390 4430 1698 4529 primum
1741 4428 2025 4528 quidem
2079 4428 2210 4503 hoc
2265 4426 2581 4503 omnium
2636 4423 3090 4500 laetissimum
3137 4422 3341 4499 nobis
3390 4414 3681 4511 accidit,
3728 4420 4191 4497 Illustrissimi
4248 4444 4260 4453 ’

1155 4549 1370 4625 huius
1412 4549 1830 4625 Academiae
1867 4548 2270 4624 Curatores!
2323 4546 2514 4646 quod
2554 4568 2797 4621 omnes
2844 4543 3009 4619 estis
3050 4542 3453 4642 superstites
3486 4552 3557 4618 et
3598 4542 3902 4617 valentes
3923 4600 3944 4631 ,
3994 4566 4187 4640 prae-

1155 4670 1391 4745 sertim
1425 4694 1646 4769 quum
1682 4667 1872 4744 haud
1917 4668 2044 4744 diu
2085 4668 2178 4742 sit
2195 4725 2216 4756 ‚
2264 4691 2352 4741 ex
2373 4689 2517 4764 quo
2539 4663 2837 4763 graviter
2859 4662 3061 4740 nobis
3088 4662 3363 4739 animus
3400 4670 3509 4737 est
3540 4670 3929 4737 commotus
3966 4684 4187 4759 quum

1153 4788 1484 4866 nuntium
1535 4788 2002 4889 acceperimus
2045 4788 2134 4863 de
2175 4809 2318 4862 uno
2355 4792 2663 4863 vestrum
2710 4808 2871 4861 cum
2920 4784 3073 4885 ipsa
3120 4789 3343 4859 morte
3386 4781 3685 4883 graviter
3726 4780 4185 4895 conflictante.
