4766 6034
1840 617 2400 687 ORATIO.
3513 615 3638 681 151

608 839 787 940 plius
842 833 1149 934 loquitur
1202 830 1292 905 de
1334 827 1673 905 abolenda
1718 827 2097 904 Academia
2114 886 2134 915 ,
2184 851 2327 927 qno
2374 833 2736 925 tamquam
2780 824 3084 900 infausto
3127 823 3359 900 omine
3399 849 3641 900 omnes

608 957 823 1034 nostri
887 959 1177 1030 conatus
1248 956 1320 1026 et
1374 973 1578 1025 curae
1617 974 1743 1050 pro
1786 947 2253 1024 doctrinarum
2292 947 2459 1022 flore
2500 955 2572 1022 et
2616 971 2742 1047 pro
2780 947 3042 1047 patriae
3083 946 3466 1022 commodis
3520 970 3642 1021 au-

609 1077 855 1179 gendis
902 1071 1459 1173 impediebantur
1477 1071 1513 1144 Ρ

706 1194 1041 1272 Sublatus
1096 1199 1205 1267 est
1258 1189 1607 1266 Damoclis
1659 1188 1933 1287 gladius
1952 1247 1973 1278 ‚
2023 1189 2147 1288 qui
2188 1179 2508 1298 faucibus
2555 1187 2808 1262 nostris
2848 1187 3280 1263 imminebat.
3378 1184 3645 1262 Verum

612 1343 699 1393 ne
761 1315 923 1390 ideo
994 1311 1483 1387 dormitemus!
1573 1308 1963 1408 Vigilcmus
1982 1367 2003 1398 ,
2070 1333 2159 1384 ne
2227 1307 2404 1383 forte
2470 1308 2838 1384 oscitantes
2883 1308 3376 1409 opprimamur.
3476 1306 3644 1380 Pro-

614 1457 1011 1538 pugnemus
1052 1439 1387 1531 tanquam
1434 1455 1559 1531 pro
1612 1429 1747 1504 aris
1800 1436 1871 1504 et
1919 1428 2089 1504 focis
2110 1488 2130 1517 ,
2179 1453 2306 1528 pro
2342 1429 2430 1502 iis
2476 1452 2653 1528 quae
2700 1427 2902 1503 nobis
2955 1453 3112 1504 cara
3156 1428 3358 1504 sunt!

708 1557 890 1631 Cara
952 1553 1157 1628 nobis
1218 1558 1327 1627 est
1392 1549 1771 1626 Academia
1788 1607 1809 1638 ,
1874 1573 2015 1625 non
2067 1557 2347 1649 propter
2389 1550 2658 1625 lucrum
2707 1556 2779 1624 et
2825 1557 3193 1648 quaestum
3214 1607 3233 1638 ‚
3284 1571 3465 1649 quae
3521 1571 3650 1623 un-

616 1677 1005 1775 decumque
1050 1674 1277 1774 parari
1326 1678 1659 1772 possunt;
1722 1694 1864 1744 non
1906 1669 1998 1745 ob
2047 1676 2357 1744 ventrem
2411 1677 2484 1744 et
2530 1676 2778 1769 guttur
2797 1728 2818 1758 ‚
2869 1669 3128 1768 quibus
3176 1693 3382 1745 nemo
3426 1669 3654 1744 bonus

618 1793 912 1870 ducitur.
1012 1789 1393 1867 Academia
1450 1788 1653 1864 nobis
1720 1795 1827 1863 est
1890 1789 2140 1864 domus
2203 1796 2459 1865 nostra.
2560 1790 2697 1865 Pro
2759 1790 2890 1866 hac
2956 1790 3136 1866 sicut
3196 1815 3322 1891 pro
3387 1791 3524 1866 aris
3584 1798 3656 1864 et

619 1916 783 1990 focis
852 1935 1289 2013 pugnamus3
1358 1909 1536 1984 hanc
1588 1909 1648 1983 si
1695 1909 1852 2008 quis
1899 1917 2183 2010 tangere
2232 1909 2525 1997 audeat,
2575 1910 2718 1984 sive
2767 1910 2844 1986 id
2888 1910 3095 1988 faciat
3135 1911 3354 2012 gloria
3403 1911 3656 1986 ductus

620 2044 689 2110 et
754 2033 1133 2110 ambitione
1150 2089 1171 2120 ‚
1234 2037 1317 2106 ut
1376 2054 1593 2105 novae
1650 2030 2069 2130 reipublicae
2132 2029 2454 2106 conditor
2513 2030 2977 2131 praedicetur,
3028 2031 3170 2106 sive
3189 2089 3210 2121 ,
3261 2032 3452 2132 quod
3493 2057 3658 2132 gra-

620 2155 771 2229 vius
784 2209 811 2243 ,
858 2151 1185 2252 superbia
1198 2210 1217 2241 ‚
1270 2156 1353 2225 ut
1400 2149 1471 2224 vi
1515 2150 1861 2250 opprimat
1912 2149 2335 2249 quicumque
2378 2173 2522 2225 non
2565 2150 2657 2225 ad
2700 2157 2954 2225 nutum
3001 2175 3208 2226 suum
3263 2175 3342 2226 se
3393 2177 3657 2227 accom-

619 2273 939 2362 modent,
1010 2272 1136 2346 uni
1196 2271 1455 2371 qnippe
1518 2270 1889 2346 servientes
1940 2269 2191 2345 rationi
2242 2276 2314 2344 et
2361 2269 2742 2360 honestati;
2791 2277 2948 2346 tum
2999 2295 3190 2347 arma
3236 2271 3662 2372 accingimus

621 2401 691 2468 et
736 2392 898 2468 forti
945 2392 1177 2468 animo
1223 2390 1629 2467 obsistimus
1680 2389 1900 2479 hosti,
1957 2412 2369 2488 persuasum
2415 2386 2618 2462 nobis
2661 2387 2998 2463 habentes
3017 2446 3038 2478 ,
3086 2412 3227 2462 non
3275 2413 3488 2488 penes
3538 2414 3661 2465 au-

624 2514 891 2589 daciam
938 2519 1011 2587 et
1061 2510 1376 2587 fraudem
1395 2567 1416 2599 ,
1468 2509 1592 2584 sed
1638 2532 1851 2609 penes
1898 2507 2225 2582 virtutem
2276 2515 2348 2582 et
2392 2507 2758 2583 consilium
2803 2531 2952 2584 esse
2998 2507 3372 2584 victoriam.

720 2632 871 2712 Qui
931 2656 1059 2732 pro
1122 2631 1351 2705 tribus
1396 2628 1795 2704 Academiis
1836 2653 2051 2704 unam
2100 2628 2375 2704 institui
2420 2628 2666 2718 velint,
2716 2629 2826 2704 his
2875 2628 3200 2728 equidem
3241 2629 3624 2729 respondeo
3644 2689 3663 2720 ‚

622 2753 714 2828 ad
770 2751 1117 2828 doctrinas
1179 2749 1633 2826 addiscendas
1694 2739 1909 2824 unam
1978 2749 2267 2825 fortasse
2328 2751 2673 2839 sufficere,
2741 2749 2866 2824 sed
2911 2749 3005 2824 ad
3047 2749 3488 2851 juventutem
3530 2750 3666 2828 for·

624 2871 953 2948 mandam
1021 2872 1256 2972 plures
1322 2894 1473 2945 csse
1538 2869 1973 2946 necessarias.
2090 2871 2179 2944 In
2226 2869 2358 2944 hoc
2409 2869 2716 2969 positum
2765 2879 2874 2944 est
2921 2894 3128 2946 omne
3169 2861 3670 2947 sententiarum

627 2991 1016 3071 discrimen.
1120 2992 1267 3072 Qui
1333 2989 1597 3067 nudam
1654 2996 2005 3067 sectantur
2064 3013 2298 3066 rerum
2363 2989 2721 3065 scientiam
2740 3047 2764 3080 ,
2829 3013 2970 3089 qua
3007 2981 3178 3065 alios
3218 2989 3630 3090 redarguere
3649 3049 3669 3081 ,

628 3138 827 3189 suam
880 3136 1163 3189 causam
1206 3094 1389 3186 tueri
1430 3110 1705 3211 ipsique
1751 3133 2041 3210 regnare
2081 3110 2389 3199 valeant,
2440 3110 2516 3185 hi
2559 3108 3026 3185 doctrinarum
3073 3109 3341 3185 scholas
3383 3112 3674 3187 laudant

626 3239 699 3308 et
738 3232 1119 3321 extollunt3
1169 3230 1295 3330 qui
1334 3254 1495 3305 vero
1544 3230 1944 3306 existimant
1992 3254 2271 3307 omnem
2320 3229 2621 3306 hominis
2678 3229 2892 3305 vitam
2943 3229 3380 3306 institutione
3426 3256 3670 3333 regen-

627 3353 791 3428 dam
836 3360 913 3427 et
961 3351 1405 3427 excolendam
1456 3376 1647 3443 esse,
1715 3351 1791 3426 hi
1830 3351 2245 3427 Academias
2302 3376 2454 3427 esse
2508 3351 2750 3426 volunt
2798 3350 2980 3425 vitae
3035 3350 3346 3442 scholas,
3413 3352 3672 3511 quibus

626 3474 917 3571 juvenes
964 3471 1273 3573 primum
1318 3472 1782 3562 honestiores,
1833 3470 2085 3548 deinde
2133 3471 2471 3547 doctiores
2517 3470 2919 3549 reddantur.

722 3711 1145 3789 Academica
1210 3712 1525 3810 supellex
1586 3718 1659 3787 ct
1721 3718 2095 3811 apparatus
2146 3710 2321 3787 tales
2391 3718 2558 3787 sunt
2573 3769 2595 3802 ‚
2657 3719 2743 3788 ut
2801 3712 3004 3790 nobis
3061 3713 3262 3791 liceat
3314 3738 3466 3789 esse
3515 3738 3676 3793 oon·

628 3832 865 3907 tentis.

730 3949 1167 4026 Bibliotheca
1207 3975 1250 4026 a
1296 3950 1477 4025 bene
1515 3950 1757 4027 multis
1772 4008 1795 4041 ,
1844 3958 1993 4028 tam
2035 3951 2456 4027 Academiae
2495 3950 2764 4028 civibus
2803 3977 3016 4052 quam
3057 3952 3210 4029 aliis
3229 4012 3250 4043 ‚
3299 3952 3678 4053 peregrinis

641 4072 851 4147 etiam
870 4130 894 4161 ‚
964 4071 1243 4147 assidue
1308 4070 1804 4170 frequentatur.
1924 4071 2295 4147 Librorum
2361 4095 2698 4147 numerus
2763 4072 3130 4174 insigniter
3186 4082 3468 4163 auctus,
3536 4099 3676 4149 non

638 4200 925 4267 tantum
985 4191 1281 4291 pecunia
1346 4191 1602 4291 partim
1662 4218 1750 4267 ex
1814 4191 2071 4269 aerario
2120 4192 2404 4291 publico
2418 4250 2437 4281 ‚
2485 4194 2740 4293 partim
2797 4193 3206 4270 liberalitate
3261 4195 3676 4269 Curatorum

635 4312 975 4389 attributa
991 4370 1015 4401 ,
1070 4336 1315 4387 verum
1379 4312 1591 4387 etiam
1644 4312 1963 4413 pretiosis
2010 4311 2420 4387 muneribus
2464 4336 2507 4388 8
2549 4312 2836 4412 privatis
2873 4312 3143 4389 oblatis.
3241 4314 3351 4388 Ex
3395 4313 3506 4387 his
3553 4338 3674 4414 pe-

637 4430 889 4505 cularis
930 4430 1061 4505 hoc
1108 4430 1257 4505 loco
1306 4430 1571 4505 mentio
1619 4431 1933 4507 facienda
1976 4438 2084 4505 est
2122 4429 2325 4519 doni,
2375 4432 2565 4530 quod
2583 4490 2604 4521 ‚
2651 4432 3284 4508 accommodatione
3333 4433 3635 4509 virorum
3655 4494 3676 4525 ‚

640 4550 767 4650 qui
827 4549 1353 4627 Vatemarianae
1414 4549 1749 4627 librorum
1805 4549 2297 4652 permutationi
2357 4558 2688 4649 praesunt
2705 4610 2726 4641 ‚
2789 4552 3104 4629 oblatum
3162 4558 3271 4627 est
3287 4610 3308 4642 ,
3367 4553 3678 4654 amplum

508 4720 517 4729 ·
643 4669 1061 4746 continentis
1126 4668 1459 4746 librorum
1524 4679 1931 4771 apparatum
1950 4728 1970 4761 ,
2048 4671 2347 4747 maxime
2413 4671 2506 4747 ad
2573 4672 2932 4747 historiam
2997 4678 3070 4747 et
3135 4694 3248 4749 res
3317 4672 3680 4750 Americae

645 4790 1215 4892 Septentrionalis
1254 4791 1775 4892 pertinentium.
1874 4793 2237 4869 Praeterea
2278 4791 2383 4867 vir
2419 4790 2888 4892 amplissimus
2925 4792 3136 4871 Ercx
3173 4816 3221 4869 A
3261 4792 3680 4871 ancmm
