4766 6034
1198 571 1328 636 272
1919 631 1924 636 .
2383 572 2451 640 Ε.
2522 575 2581 642 J.
2648 572 3029 650 KIEHL,

1196 779 1344 875 ipse
1393 777 1685 852 sentiam
1736 784 1808 852 et
1856 777 2091 852 animo
2138 777 2395 876 agitem
2417 836 2436 867 ,
2502 779 2842 854 sustinere
2894 779 3007 852 vix
3054 797 3327 875 queam.
3444 771 3779 848 Versatur
3824 774 4009 847 enirn
4060 787 4193 850 ante

1197 897 1433 972 oculos
1504 897 1735 972 schola
1796 896 2084 971 illustris
2142 887 2368 972 vestra
2386 955 2407 988 ,
2473 898 2823 974 doctrinae
2896 897 3129 984 sedes,
3196 901 3269 968 et
3320 893 3644 970 cathedra
3700 895 4056 982 Gasnvrr,
4098 897 4199 969 cui

1167 1020 1334 1093 ‘iam
1408 1042 1539 1116 ego
1608 1017 1853 1092 insisto
1871 1075 1892 1106 ,
1962 1025 2034 1092 et
2093 1041 2304 1116 quam
2375 1018 2551 1093 mihi
2617 1017 3007 1094 credidistis
3070 1015 3415 1092 Athenaei
3466 1015 3811 1090 antistites
3829 1072 3849 1102 ‚
3915 1017 4197 1090 studiosa

1194 1138 1520 1236 iuventus
1539 1196 1559 1226 ‚
1645 1145 1715 1212 et
1793 1136 2178 1212 litterarum
2252 1137 2408 1213 laus
2484 1139 2724 1237 iniquo
2792 1146 3102 1237 tempore
3167 1135 3571 1212 sustinenda
3589 1195 3609 1224 ,
3676 1145 3749 1210 et
3810 1135 4195 1234 multiplices

1195 1257 1596 1356 disciplinae
1616 1315 1636 1345 ‚
1686 1281 1865 1354 quae
1914 1257 2006 1331 ad
2050 1281 2165 1332 me
2212 1257 2549 1332 devenere
2569 1317 2589 1347 ‚
2638 1265 2709 1332 et
2755 1257 2933 1332 vires
2978 1256 3303 1332 nondum.
3336 1255 3472 1330 nisi
3518 1255 3851 1330 iuveniles
3868 1313 3888 1343 ‚
3937 1263 4009 1328 et
4046 1256 4194 1329 ami-

1194 1401 1432 1450 corum
1471 1375 1892 1475 exspectatio
1911 1434 1931 1463 ,
1990 1375 2279 1451 fortasse
2323 1377 2536 1452 etiam
2582 1377 2695 1452 hic
2744 1377 2851 1452 vel
2894 1375 3035 1452 illic
3082 1375 3382 1450 invidiae
3428 1374 3745 1450 nonnihil
3798 1377 3885 1466 ¹).
3984 1377 4195 1452 Quam

1194 1520 1310 1570 me
1371 1495 1512 1569 sive
1565 1495 2002 1570 audaciorem
2056 1495 2301 1571 vellem
2322 1553 2341 1584 ,
2407 1505 2490 1570 ut
2558 1496 2726 1571 haec
2768 1495 3002 1570 omnia
3042 1519 3183 1569 non
3228 1494 3783 1582 reformidarem,
3850 1494 3957 1567 vel
4002 1494 4199 1590 magis

1193 1615 1522 1690 timidum
1541 1674 1562 1705 ,
1611 1639 1819 1713 quem
1868 1615 1959 1691 ab
2009 1615 2140 1690 hoc
2183 1639 2472 1695 munere
2527 1615 2811 1690 omnino
2863 1612 3301 1714 suscipiendo
3350 1615 3597 1690 eadem
3643 1614 4157 1688 deterruissent!

1289 1736 1456 1810 Fuit
1524 1743 1797 1825 autem,
1873 1755 2032 1810 cum
2103 1735 2507 1812 huiusmodi
2573 1759 2863 1815 munere
2930 1733 3069 1813 nisi
3138 1733 3529 1809 disertiores
3600 1734 3805 1833 fungi
3881 1735 4012 1808 rite
4082 1758 4203 1806 non

1193 1864 1495 1956 possent.
1622 1855 1826 1930 Raris
1885 1877 1966 1928 ea
2045 1862 2456 1954 tempestate
2517 1879 2640 1954 per
2708 1855 3062 1953 Europam
3134 1853 3381 1928 litteris
3400 1912 3421 1943 ,
3498 1855 3605 1928 vel
3676 1854 3921 1928 saltem
3990 1853 4201 1938 libris,

1193 1977 1481 2051 maximi
1552 1982 1699 2050 erat
1763 1974 2099 2048 momenti
2113 2032 2134 2063 ,
2206 1981 2287 2048 ut
2363 1982 2434 2048 et
2507 1973 2833 2050 iuventus
2896 1981 2968 2048 et
3027 1997 3203 2073 quos
3248 1991 3443 2048 amor
3485 1973 3834 2048 doetrinae
3878 1973 4205 2048 iuventuti

1195 2095 1482 2170 adderet
1533 2119 1648 2168 ore
1698 2102 1768 2169 et
1815 2117 1976 2168 voce
2025 2093 2577 2171 instituerentur.
2676 2094 2801 2168 Nil
2836 2092 3053 2191 igitur
3085 2093 3229 2168 iam
3266 2092 3543 2168 maioris
3572 2092 3961 2168 habebatur
3986 2093 4174 2190 pretii
4190 2150 4207 2177 ,

1195 2239 1407 2314 quam
1461 2214 1653 2314 quod
1697 2213 1952 2287 summi
2003 2212 2131 2288 viri
2179 2239 2219 2288 e
2253 2210 2597 2289 cathedris
2642 2212 3023 2303 docebant,
3070 2235 3299 2311 neque
3340 2212 3589 2313 aliquis
3610 2212 4030 2310 aequalium
4062 2211 4211 2286 satis

1189 2335 1565 2435 prudenter
1601 2334 2014 2434 philologiae
2066 2357 2346 2433 operam
2399 2332 2654 2421 dabat,
2703 2332 2839 2408 nisi
2878 2339 3221 2430 quantum
3274 2332 3424 2406 fieri
3470 2341 3707 2431 posset
3750 2333 4209 2408 Sermonem

1191 2456 1300 2530 vel
1356 2455 1866 2552 Crisaeorum
1931 2451 2329 2527 audivisset.
2429 2451 2531 2526 Hi
2577 2459 2812 2527 autem
2856 2450 3133 2542 nonnisi
3175 2451 3503 2549 perbreve
3543 2453 3875 2552 temporis
3928 2451 4213 2550 spatium

1190 2576 1450 2650 multos
1514 2560 1759 2660 simul,
1828 2595 1956 2647 nec
2012 2570 2154 2646 fere
2215 2571 2350 2682 nisi
2406 2578 2743 2671 perpetua
2798 2571 3104 2646 oratione
3146 2568 3657 2670 compellandos
3709 2571 4058 2646 auditores
4108 2569 4215 2644 do·
4320 2577 4345 2592 “

1169 2675 1346 2770 ‘cere
1375 2694 1756 2782 -solebant,
1807 2699 1878 2765 et
1921 2689 2401 2789 requirebatur
2446 2689 2663 2789 igitur
2680 2748 2702 2782 ,
2752 2698 2834 2765 ut
2876 2697 2949 2766 et
3001 2689 3138 2789 ipsi
3187 2689 3570 2766 doctrinam
3616 2713 3815 2765 suam
3858 2689 4037 2764 bene
4080 2713 4215 2787 per·

1278 3027 1322 3107 ¹)
1360 3026 1576 3087 Ultima
1615 3027 1755 3087 haec
1793 3024 1942 3087 dicta
1979 3030 2140 3098 sunt,
2182 3022 2285 3084 etsi
2333 3022 2540 3084 dicta
2523 3043 2634 3083 ram
2675 3024 2901 3083 nollem.
2978 3022 3417 3105 Explicationem
3456 3022 3750 3082 inventura
3787 3025 3946 3081 erant
3986 3020 4045 3078 in
4083 3026 4221 3099 perte

1195 3121 1430 3201 quedam
1484 3120 1750 3181 orationis
1804 3120 2007 3203 scripta
2058 3118 2316 3200 quidem,
2369 3120 2467 3180 sed
2514 3118 2715 3179 deinde
2754 3136 3069 3200 suppressa,
3112 3116 3261 3179 haec
3290 3125 3472 3181 autem
3506 3118 3824 3199 imprudens
3860 3114 4083 3175 retinui.
4156 3112 4225 3172 Et

1191 3218 1476 3295 ingenium
1515 3202 1763 3295 quidem
1777 3224 1898 3276 ιιιιιι
1933 3236 2149 3285 meum,
2191 3223 2312 3276 tum
2351 3214 2621 3277 sermonis
2660 3214 2849 3275 Latini
2883 3213 3103 3275 abunde
3134 3212 3371 3286 evincit,
3412 3212 3642 3273 minime
3678 3212 3932 3290 gentium
3967 3208 4223 3272 invidioso

1192 3314 1302 3371 isto
1359 3312 1624 3371 vocabulo
1679 3331 1836 3372 usum
1890 3330 1981 3371 me
2035 3310 2200 3371 fuisse
2247 3310 2365 3371 sive
2417 3331 2485 3371 eo
2542 3328 2707 3371 sensu
2756 3330 2923 3389 quem
2970 3308 3183 3369 Gallice
3222 3308 3421 3382 habet,
3464 3306 3580 3369 sive
3615 3307 3727 3380 ita,
3768 3305 3919 3387 quod
3960 3304 4038 3365 Di
4076 3322 4227 3364 omen

1199 3413 1478 3478 avertant,
1522 3411 1581 3465 ιιι
1621 3424 1746 3465 cum
1783 3407 2030 3487 proxime
2063 3406 2434 3487 superioribus
2468 3394 2903 3486 componeretur.
2982 3392 3075 3465 Ne
3108 3404 3238 3464 vero
3272 3405 3445 3465 ullum
3474 3403 3707 3465 omnino
3742 3402 3983 3484 supersit
4014 3398 4227 3462 dubium

1196 3501 1267 3558 de
1315 3499 1566 3559 vocabuli
1618 3500 1773 3559 istius
1827 3500 1882 3558 vi
1932 3505 2027 3561 aut
2067 3520 2194 3561 mea
2239 3500 2556 3571 voluntate,
2600 3500 2773 3561 amice
2812 3504 2868 3559 et
2904 3498 3173 3559 benevole
3210 3498 3453 3559 monitus
3492 3518 3525 3559 e
3562 3498 3751 3559 multis
3786 3497 3929 3559 loeis
3966 3496 4103 3557 duos
4142 3492 4226 3553 ad·

1199 3595 1412 3666 scribo,
1462 3596 1693 3653 alterum
1730 3594 2052 3655 C1cnnoms
2096 3616 2128 3656 e
2168 3584 2527 3663 Divinatione
2562 3595 2622 3655 in
2661 3596 2737 3656 Q,
2782 3562 3113 3666 Caecilium,
3156 3592 3334 3675 capite
3371 3598 3569 3673 quarto
3607 3592 3859 3673 decimo,
3898 3589 4225 3673 paragrapho

1204 3696 1360 3750 sexta
1399 3697 1457 3749 et
1493 3688 1936 3767 quadragesima:
1985 3690 2220 3751 'Quidr
2257 3712 2431 3771 quum
2473 3691 2872 3763 commisereri,
2916 3690 3209 3770 conqueri,
3252 3696 3309 3751 et
3349 3709 3418 3750 ex
3454 3690 3649 3749 illius”
3694 3686 4014 3770 (verris),
3984 3684 4227 3746 ,invidia

1205 3810 1235 3839 o
1251 3784 1549 3845 deonerare
1603 3784 1808 3863 aliquid
1822 3814 1862 3856 ,·
1893 3792 1950 3844 et
1987 3785 2048 3845 in
2087 3787 2200 3847 te'’
2257 3787 2566 3848 Caecilium
2619 3814 2649 3842 e
2662 3786 2915 3847 traiicere
2954 3786 3245 3866 coeperit”
3292 3784 3663 3845 Hortensius?
3747 3810 3777 3838 e
3794 3784 4229 3845 commemorare

1205 3906 1235 3934 e
1251 3878 1556 3959 quaestoris
1597 3899 1720 3940 cum
1755 3888 2006 3961 praetore
2037 3882 2499 3944 necessitudinem
2540 3882 2891 3943 constitutam
2906 3883 2935 3940 P
3014 3881 3233 3942 Morem
3270 3880 3581 3941 maiorum?
3652 3878 3831 3938 Sertis
3872 3874 4228 3954 religionem?

1207 3976 1541 4037 uPoterisne
1581 3976 1700 4037 eius
1711 3976 1996 4038 orationis
2030 3978 2214 4039 subire
2249 3978 2632 4050 invidiamP'ss
2674 3978 2963 4037 Sueromr
3000 3978 3263 4047 alterum,
3306 3996 3338 4035 e
3373 3972 3587 4035 Tiberii
3626 3970 3805 4055 capite
3840 3976 4071 4032 octavo:
4118 3996 4145 4022 e
4158 3988 4231 4027 er·

1205 4072 1666 4148 ngastulorum..
1729 4071 2017 4133 ‚domini
2062 4074 2120 4133 in
2172 4074 2439 4135 invidiam
2496 4077 2792 4144 venerant,
2848 4072 3005 4157 quasi
3042 4078 3299 4152 exceptos
3336 4072 3816 4159 subprimerent..
3837 4112 3854 4129 .
3874 4111 3891 4129 .
3941 4062 4225 4128 viatores-’³

1200 4168 1329 4245 Ego
1370 4172 1585 4237 autem,
1627 4113 1842 4227 etiamsi
1881 4168 2014 4247 quid
2053 4178 2338 4251 peccatum
2379 4169 2452 4229 sit
2490 4168 2551 4227 in
2590 4169 2697 4227 hac
2737 4168 3017 4238 oratione,
3060 4187 3182 4228 eam
3215 4172 3402 4226 tamen
3438 4170 3630 4247 postea
3658 4164 3950 4224 immutare
3982 4156 4229 4236 religioni

1198 4263 1372 4325 habui
1413 4264 1504 4325 vel
1541 4262 1601 4323 in
1635 4261 1823 4343 paucis
1857 4263 2184 4342 quibusdam
2225 4266 2372 4325 circa
2406 4262 2770 4324 Latinitatem
2810 4262 3003 4322 erratis
3038 4281 3179 4341 quae
3219 4266 3521 4321 retractans
3556 4259 3670 4319 iam
3708 4256 4103 4328 animadverti,
4144 4260 4231 4313 aut

1201 4362 1260 4419 in
1303 4360 1460 4439 lapsu
1499 4358 1829 4432 memoriae,
1868 4360 2045 4439 qualis
2084 4368 2168 4421 est
2205 4359 2352 4441 quod
2397 4360 2733 4419 Panem-sn
2768 4356 3052 4417 nominavi
3072 4376 3127 4436 p.
3152 4360 3225 4416 15
3250 4361 3349 4437 p'ro
3390 4356 3727 4428 Turnus,
3768 4359 3827 4414 et
3864 4352 3987 4413 ideo
4028 4355 4231 4431 praem

1203 4453 1588 4514 annotationes
1641 4461 1840 4515 cuncta
1888 4474 2054 4535 quam
2107 4457 2512 4519 accuratissime
2550 4454 2822 4535 expressi,
2866 4458 2927 4513 ut
2963 4453 3331 4533 pronuntiavi.
3412 4451 3594 4513 Omisi
3632 4454 3849 4511 tantum
3888 4448 3995 4509 duo
4036 4444 4231 4506 brevis·

1200 4551 1340 4611 sima
1353 4595 1368 4621 ,
1387 4588 1393 4595 ·
1410 4548 1480 4609 de
1519 4550 1816 4632 improviso
1868 4551 2082 4624 addita,
2122 4571 2463 4632 quorumque
2502 4548 2773 4630 posterius
2808 4549 2992 4609 locum
3032 4546 3211 4608 tenuit
3246 4567 3437 4607 eorum
3451 4591 3468 4620 ,
3510 4566 3651 4626 quae
3682 4544 3899 4606 uncinis
3942 4542 3993 4623 []
4028 4542 4229 4601 incluse

1203 4645 1453 4725 proxime
1499 4644 1675 4725 ipsam
1728 4647 1930 4705 calcem
1971 4650 2258 4723 leguntur,
2309 4644 2407 4706 sed
2446 4664 2561 4705 non
2600 4642 2954 4723 pronuntiata
2990 4650 3136 4702 sunt.
3218 4640 3387 4703 Cuius
3426 4640 3509 4702 rei
3546 4658 3765 4702 causam
3804 4638 3973 4721 probe
4012 4638 4231 4701 tenent,

1205 4742 1514 4822 quicunque
1553 4741 2004 4804 exercitatissime
2044 4744 2215 4805 animi
2253 4742 2559 4804 attentione
2598 4738 2888 4813 affuerunt,
2932 4758 3039 4799 nec
3074 4736 3245 4799 ceteri
3283 4742 3494 4799 curant.

2993 5004 3023 5046 Ι
