4766 6034
1188 626 1276 709 ss
2248 596 3170 713 A.N11‹:RMEYEft

1186 850 1651 925 Classicorum
1699 849 1899 925 lectio
1918 906 1937 939 ,
1986 874 2113 926 nec
2156 851 2324 926 boni
2365 851 2778 952 pulchrique
2816 879 3062 929 sensus
3106 854 3275 929 satis
3321 854 3648 943 inservit,
3697 840 3826 931 nec
3863 879 4026 932 vero
4071 859 4220 933 talis

1186 970 1547 1059 hominum
1616 971 1918 1069 cognitio
1936 1030 1955 1059 ,
2024 972 2213 1071 quali
2251 996 2492 1049 recens
2541 974 2914 1074 Euangelii
2959 974 3284 1049 Minister
3327 975 3634 1075 gaudere
3677 983 3928 1076 potest.
3975 1019 4076 1035 -—
4119 978 4220 1052 Si-

1183 1090 1439 1165 militer
1502 1115 1545 1167 a
1604 1115 1763 1165 vero
1833 1090 2193 1181 aberrant,
2264 1093 2392 1192 qui
2448 1118 2677 1168 curam
2701 1096 3126 1192 pastoralem
3176 1119 3219 1167 a
3257 1094 3608 1195 Theologo
3655 1096 3772 1195 agi
3811 1119 4016 1196 posse
4067 1122 4219 1173 oon·

1182 1209 1482 1286 tendunt
1508 1212 1596 1305 ¹),
1648 1211 2032 1287 dummodo
2064 1237 2343 1311 operam
2366 1212 2784 1313 Theologiae
2825 1212 3090 1290 navarit
3129 1216 3433 1304 Morali,
3486 1216 3801 1291 omnium
3846 1216 4218 1292 officiorum

1020 1342 1030 1356 ’
1178 1330 1521 1406 elementa
1572 1332 2219 1439 comprehendenti,
2288 1360 2374 1408 ex
2441 1334 2699 1433 quibus
2761 1342 3005 1433 sponte
3045 1334 3391 1434 intelligat
3410 1395 3429 1424 ,
3481 1361 3663 1434 quae
3711 1336 3850 1412 sint
3905 1338 4018 1411 sui
4068 1362 4218 1412 mu·

1176 1451 1359 1525 neris
1418 1451 1659 1528 officia.
1760 1453 1958 1528 Haec
2024 1453 2209 1529 enim
2268 1452 2493 1528 officia
2552 1453 2650 1527 ita
2705 1461 3099 1553 comparata
3145 1462 3343 1542 sunt,
3410 1464 3492 1530 ut
3542 1457 3666 1555 qui
3713 1480 3952 1532 eorum
3998 1466 4218 1532 careat

1173 1570 1637 1647 familiaritate
1656 1632 1677 1662 ‚
1725 1573 1950 1673 impar
1997 1572 2279 1649 omnino
2328 1574 2421 1649 sit
2459 1574 2553 1649 ad
2595 1600 2678 1651 ea
2727 1574 2861 1650 sibi
2909 1577 3360 1675 excogitanda
3403 1584 3476 1651 et
3511 1577 3691 1652 viam
3715 1636 3734 1665 ,
3796 1602 3940 1678 qua
3967 1578 4219 1677 expleri

1175 1690 1477 1765 debeant
1501 1750 1521 1781 ,
1566 1693 2073 1769 inveniendam.
2282 1769 2287 1773 .
2961 1742 3012 1799 χ

1269 1812 1591 1886 Fortasse
1638 1812 1795 1911 quis
1844 1813 2123 1890 obiiciet
2141 1874 2160 1903 ,
2210 1816 2592 1914 permultos
2634 1814 2850 1889 fuisse
2892 1814 3178 1890 eximios
3225 1815 3594 1916 Euangelii
3647 1815 4010 1891 Ministros
4032 1876 4051 1905 ,
4101 1817 4218 1915 qui

1088 1982 1095 1989 -
1172 1955 1312 2006 non
1363 1931 1503 2006 nisi
1548 1932 1623 2007 in
1665 1933 2057 2009 theoreticis
2102 1934 2516 2034 Theologiae
2555 1934 2871 2035 partibus
2917 1933 3351 2033 diligentiam
3395 1934 3812 2033 posuissent.
3915 1934 4058 2007 Sed
4097 1935 4218 2009 viri

1171 2049 1307 2140 illi,
1370 2060 1743 2152 postquam
1793 2077 2053 2129 munus
2104 2080 2311 2129 suum
2362 2054 2674 2154 aggressi
2717 2061 2915 2129 erant
2935 2112 2954 2142 ,
3001 2077 3140 2127 usu
3190 2062 3263 2128 et
3309 2053 3541 2127 studio
3562 2110 3582 2141 ,
3647 2053 4102 2129 meditatione
4150 2062 4218 2129 et

1170 2171 1463 2247 aliorum
1512 2174 2013 2248 consultatione
2032 2233 2052 2262 ‚
2100 2173 2333 2249 idonei
2375 2173 2661 2247 demum
2707 2172 2874 2248 facti
2912 2180 3077 2247 sunt
3119 2174 3488 2247 Sacrorum
3527 2172 3939 2247 Antistites:
3991 2174 4216 2272 prouti

1172 2298 1243 2365 et
1302 2292 1506 2366 hodie
1566 2318 1705 2369 non
1771 2294 2028 2369 desunt
2084 2295 2211 2393 qui
2270 2294 2764 2381 confiteantur,
2827 2318 2902 2367 se
2961 2294 3090 2368 hac
3139 2293 3360 2367 solum
3405 2293 3672 2367 ratione
3719 2294 3990 2367 Munus
4041 2302 4216 2367 recte

1168 2435 1405 2511 gerere
1452 2412 1793 2489 didicisse.
1893 2415 1995 2489 At
2036 2414 2133 2489 sic
2177 2414 2314 2514 ipsi
2360 2413 2788 2502 concedunt,
2841 2438 2916 2489 se
2961 2412 3227 2511 absque
3278 2413 3660 2487 necessaria
3697 2413 4210 2513 praeparatione

1166 2554 1427 2607 munus
1496 2556 1705 2608 suum
1768 2534 2211 2632 capessivisse
2230 2591 2251 2622 ,
2326 2542 2540 2633 atque
2604 2534 2702 2608 sic
2769 2532 2951 2607 ultro
3011 2530 3216 2607 nobis
3284 2532 3780 2608 assentiuntur.
3903 2535 4208 2633 Magnus

1168 2651 1342 2726 adeo
1407 2652 1995 2728 Reinhardus
2017 2713 2036 2742 ,
2102 2654 2178 2729 in
2242 2644 2814 2730 confessionibus
2851 2652 2940 2727 de
3001 2677 3130 2727 sua
3179 2651 3274 2727 ad
3315 2652 3684 2728 oratoriam
3743 2676 4004 2727 sacram
4057 2678 4210 2728 con·

1166 2768 1576 2847 formatione
1619 2774 1683 2866 ²)
1709 2831 1728 2860 ,
1776 2772 2071 2848 candide
2119 2774 2468 2874 agnoscit,
2520 2798 2594 2848 se
2612 2832 2632 2863 ,
2687 2798 2906 2873 quum
2955 2772 3032 2847 in
3073 2772 3434 2847 iuventute
3471 2772 3909 2848 institutione
3955 2772 4086 2848 hac
4127 2773 4210 2847 de

1172 2889 1535 2990 disciplina
1578 2892 1945 2981 caruisset,
1996 2892 2337 2970 desiderio
2376 2894 2528 2969 eius
2574 2893 2902 2969 laborare·
2927 2916 3291 2991 nunquam
3343 2891 3627 2965 omnino
3673 2892 3978 2968 desiisse.

1260 3133 1400 3208 III.
1474 3133 1707 3242 Tertio
1772 3134 1922 3209 loco
1987 3134 2680 3211 animadvertendum
2699 3193 2719 3224 ,
2789 3135 3190 3234 Theoloyiae
3231 3133 3604 3209 Praeticae
3647 3135 3872 3208 studio
3896 3137 4204 3230 futurum

1159 3255 1533 3354 Enanyelii
1576 3256 1977 3329 Ministrum
2028 3258 2129 3330 ad
2168 3281 2404 3331 munus
2449 3281 2636 3330 suum
2685 3263 2868 3330 recte
2903 3255 3271 3354 yerendum
3317 3256 3587 3328 instrui.

1256 3363 1633 3472 Tlffiologia
1688 3374 1999 3449 Practica
2021 3433 2041 3462 ,
2107 3375 2212 3448 uti
2266 3375 2408 3450 iam
2469 3375 2774 3450 diximus
2790 3432 2811 3463 ,
2875 3380 2983 3448 est
3032 3372 3235 3448 docta
3286 3379 3358 3447 et
3411 3371 3821 3475 philosopha
3861 3371 4168 3446 muneris
4183 3429 4202 3458 ,

1158 3482 1488 3567 Ministro
1530 3493 1954 3591 Euangeliou
2008 3493 2446 3582 demandati,
2497 3494 2854 3593 expositi0.
2959 3491 3299 3568 Describit
3339 3516 3592 3592 nempe
3639 3491 3807 3566 haec
3865 3490 4201 3578 doctrina,

1160 3610 1335 3707 quid
1408 3612 1501 3684 sit
1570 3612 1841 3686 Munus
1916 3613 2204 3687 Sacrum
2222 3673 2241 3702 ,
2313 3638 2457 3713 quo
2518 3613 2801 3689 oonsilio
2864 3613 2955 3687 sit
3009 3612 3413 3687 institutum
3478 3621 3552 3686 et
3603 3611 3778 3711 quid
3826 3611 4199 3710 generatim

1160 3728 1418 3818 cuivis,
1483 3731 1609 3828 qui
1659 3756 1743 3805 eo
1806 3731 2174 3832 fungatur,
2240 3734 2330 3807 sit
2397 3732 2877 3832 spectandum.
2980 3734 3181 3810 Quae
3229 3731 3504 3830 singula
3561 3732 3947 3806 secundum
4004 3731 4195 3805 Pate·

1157 3848 1475 3924 factionis
1519 3849 1851 3941 Divinae,
1899 3853 1976 3927 in
2021 3852 2379 3926 Christo
2427 3854 2669 3940 datae,
2718 3861 2790 3927 et
2838 3852 3071 3952 Regni
3107 3850 3381 3939 Divini,
3431 3851 3521 3926 ab
3562 3853 3668 3926 Eo
3699 3850 3998 3938 conditi,
4049 3873 4194 3922 nor·

1161 3992 1351 4044 mam
1418 3971 1780 4048 constituit
1840 3972 1959 4047 illa
2008 3979 2079 4046 et
2136 3972 2352 4046 veluti
2405 3972 2568 4047 inde
2616 3971 2919 4048 deducit.
3018 3973 3232 4046 Porro
3275 3971 3514 4060 docet,
3564 3972 3913 4070 quomodo
3954 3968 4082 4044 hoc
4125 3969 4191 4041 in

1160 4113 1449 4164 munere
1513 4091 1603 4166 sit
1652 4092 2007 4192 agendum
2062 4101 2133 4166 et
2192 4093 2365 4190 quid
2421 4093 2902 4168 adhibendum
2948 4116 3038 4167 ne
3075 4091 3332 4166 frustra
3376 4092 3743 4167 laboretur.
3845 4088 4190 4169 Quamob-

1158 4235 1308 4285 rem
1368 4212 1591 4286 varias
1651 4213 1935 4312 exponit
1992 4213 2313 4288 Muneris
2368 4214 2561 4289 Sacri
2617 4222 2848 4314 partes
2869 4271 2889 4301 ‚
2957 4213 3195 4312 quales
3243 4212 3315 4287 et
3365 4213 3594 4288 adhuc
3655 4211 3728 4285 in
3786 4234 3928 4285 usu
3991 4219 4183 4295 sunt,

1162 4330 1234 4404 ct
1302 4355 1583 4407 manere
1647 4332 1907 4407 debent
1970 4341 2052 4408 ut
2114 4333 2434 4410 Muneris
2499 4334 2783 4410 consilio
2849 4333 3170 4408 universo
3220 4333 3434 4433 probe
3487 4332 3984 4432 respondeant;
4034 4330 4188 4403 item

1162 4451 1347 4524 varia
1389 4452 1754 4528 Sacrorum
1802 4453 2161 4528 Antistitis
2214 4455 2437 4538 officia
2452 4513 2472 4544 ,
2521 4453 2682 4531 hinc
2725 4461 2910 4544 orta,
2959 4453 3182 4529 varias
3229 4477 3508 4553 quoque
3547 4451 3811 4552 ingenii
3854 4447 4190 4546 animique

1244 4741 1297 4814 ¹)
1364 4739 1495 4800 Vid.
1536 4747 1593 4802 et
1630 4741 1728 4814 hic
1766 4743 2039 4805 Planck
2076 4747 2176 4806 1.1.

1238 4833 1291 4910 ²)
1356 4833 1427 4897 L.
1468 4855 1518 4896 c.
1557 4857 1614 4918 p.
1658 4841 1755 4900 86.
1794 4859 1913 4918 sqq.
