4766 6034
1057 640 1188 709 130
2199 639 2958 708 B.-rn}1AAR

1059 850 1525 925 Christianam
1563 847 1777 923 veluti
1813 853 2195 923 ceterarum
2238 849 2560 925 ancillam
2595 858 2670 923 et
2707 850 3193 948 pedissequam
3218 855 3557 948 spernunt
3582 855 3655 923 et
3678 847 4107 946 vituperant.

1051 970 1293 1069 Longe
1357 994 1554 1044 secus
1618 979 1744 1045 est.
1847 968 2293 1068 Theologiam
2351 971 2683 1046 moralem
2702 1030 2722 1059 ,
2792 995 2971 1068 quae
3040 993 3180 1043 non
3236 971 3465 1044 solum
3512 977 3833 1044 externos
3876 992 4114 1042 mores

1051 1090 1176 1163 sed
1197 1114 1474 1165 omnem
1507 1095 1775 1188 spectat
1801 1087 2156 1164 hominem
2195 1090 2588 1180 internum3
2640 1115 2821 1190 quae
2850 1089 3475 1190 Anthropologiam
3499 1148 3520 1179 ,
3548 1087 4111 1188 Philosophiam,

1048 1210 1434 1284 Historiam
1493 1207 1882 1307 complexa,
1951 1208 2092 1283 fere
2145 1236 2387 1285 omnes
2440 1211 2855 1310 Theologiae
2898 1210 3301 1310 disciplinas
3344 1211 3421 1284 in
3472 1208 3818 1285 auxilium
3864 1219 4067 1283 vocat
4088 1267 4109 1293 ‚

1043 1339 1114 1404 et
1170 1354 1450 1427 prorsus
1509 1329 1843 1402 intactam
1913 1327 2244 1427 relinquit
2308 1329 2573 1404 nullam
2594 1387 2615 1416 ,
2672 1352 3009 1427 perquam
3052 1330 3347 1406 arduam
3392 1329 3516 1404 sed
3568 1329 3761 1404 haud
3810 1328 4101 1403 minori-

1045 1451 1181 1523 bus
1243 1475 1458 1548 quam
1520 1448 1954 1524 Historicum
2023 1448 2338 1524 studium
2394 1449 2723 1524 laudibus
2776 1450 3062 1548 dignam
3081 1508 3102 1539 ,
3165 1457 3277 1538 et,
3342 1450 3403 1524 si
3468 1450 3651 1524 fines
3707 1475 3791 1524 ac
3830 1447 4107 1522 fructus

1043 1570 1368 1668 respicias
1388 1630 1407 1658 ‚
1458 1569 1734 1644 nemine
1775 1569 1849 1642 in
1897 1593 2208 1644 sororum
2253 1570 2596 1645 consortio
2642 1568 3039 1645 inferiorem
3086 1595 3238 1646 esse
3282 1570 3678 1646 habendam
3718 1593 4109 1645 asseverare

1043 1691 1278 1765 nullus
1329 1690 1598 1765 dubito.

1144 1811 1393 1890 Quid?
1443 1810 1636 1909 quod
1680 1809 1754 1883 in
1797 1808 2118 1883 Ethicam
2161 1809 2631 1886 Christianam
2679 1810 3034 1884 verissime
3074 1809 3460 1906 quadrant,
3510 1833 3689 1907 quae
3734 1809 3823 1882 de
3864 1806 4107 1881 Philo-

1043 1932 1284 2030 sophia
1351 1931 1639 2004 Veteres
1699 1929 2225 2030 praedicarunt3
2295 1958 2450 2006 eam
2515 1957 2681 2030 opes
2742 1931 2943 2006 nobis
3002 1929 3355 2005 recludere
3410 1929 3617 2028 longe
3672 1927 4057 2002 ditissimas
4082 1987 4105 2014 ,

1041 2076 1221 2150 quae
1279 2076 1420 2125 non
1476 2052 1660 2126 furto
1719 2050 1929 2150 eripi,
1999 2075 2138 2124 non
2200 2052 2522 2127 incendio
2564 2052 2879 2138 absumi,
2928 2075 3069 2126 non
3122 2049 3488 2148 naufragio
3534 2047 3889 2124 absorberi
3936 2073 4101 2147 pos-

1042 2179 1206 2245 sunt
1225 2231 1244 2259 ,
1315 2196 1632 2270 quaeque
1697 2179 1958 2245 certam
2035 2178 2109 2244 et
2175 2179 2437 2247 rectam
2511 2173 2695 2247 viam
2766 2178 3356 2258 commonstrant,
3426 2168 3520 2244 ad
3584 2169 4105 2266 assequendum

1041 2315 1394 2365 summum
1437 2291 1613 2365 illud
1658 2291 1957 2379 bonum,
2007 2315 2150 2390 quo
2191 2301 2418 2367 cetera
2458 2293 2695 2368 omnia
2730 2292 3193 2366 continentur.
3298 2289 3496 2367 Quid
3532 2289 3811 2364 multa?
3858 2289 4107 2368 Quam

1039 2411 1344 2487 alienum
1409 2412 1734 2510 iniquum
1787 2411 1980 2486 istud
2001 2470 2021 2499 ,
2090 2410 2283 2508 quod
2343 2409 2667 2509 redargui
2684 2469 2704 2498 ,
2773 2410 2865 2484 de
2926 2409 3301 2509 Theologia
3362 2409 3617 2484 Morali
3664 2407 4002 2483 iudicium
4062 2434 4107 2483 a

1035 2557 1192 2607 mea
1249 2533 1339 2607 sit
1397 2533 1740 2607 sententia
1758 2590 1778 2619 ,
1843 2555 2044 2630 spero
2102 2532 2245 2605 fore
2287 2539 2367 2606 ut
2414 2543 2487 2606 et
2530 2532 2685 2629 ipsa
2740 2531 3049 2605 muneris
3069 2588 3089 2619 ,
3140 2530 3331 2628 quod
3380 2553 3700 2628 capesso,
3750 2528 4103 2628 professio

1035 2661 1108 2726 et
1187 2653 1354 2727 haec
1427 2678 1585 2727 mea
1647 2651 2150 2750 qualiscunque
2243 2653 2489 2727 Oratio
2554 2651 3000 2726 demonstret.
3125 2651 3477 2726 Nimirum
3506 2653 3551 2726 ἔ*
3595 2659 4103 2750 argumentum

919 2829 926 2840 .
1037 2772 1363 2846 orationis
1425 2796 1764 2871 quaerens
1786 2830 1807 2862 ,
1873 2771 2051 2846 illud
2105 2797 2269 2872 prae
2335 2773 2489 2848 aliis
2513 2832 2534 2863 ,
2598 2797 2777 2873 quae
2840 2773 3065 2872 magis
3116 2771 3330 2846 etiam
3382 2771 3739 2846 allicerent
3757 2830 3778 2861 ,
3830 2771 4101 2871 eligen-

1037 2893 1211 2968 dum
1249 2918 1398 2968 esse
1441 2893 1651 2983 duxi,
1697 2892 1887 2992 quod
1929 2900 2308 2993 utrumque
2355 2893 2710 2982 studium,
2760 2894 2835 2966 in
2888 2892 3079 2992 quod
3128 2899 3279 2967 toto
3324 2899 3601 2991 pectore
3648 2891 4099 2981 incumbam,

1034 3015 1622 3113 complecteretur.
1746 3014 1998 3091 Dicam
2061 3015 2313 3115 igitur.
2391 3017 2476 3091 de
2541 3015 2905 3092 Historiae
2970 3015 3503 3090 Ecclesiasticae
3552 3021 3625 3087 et
3686 3013 4099 3112 Tkeoloytae

1035 3138 1340 3212 Moralis
1383 3139 1656 3226 studio,
1718 3137 1828 3211 hia
1865 3138 2154 3211 macinae
2215 3137 2448 3211 diebus
2490 3143 2679 3215 arcte
2730 3137 3205 3236 coniungendo.
3286 3133 3504 3213 Quod
3550 3157 3715 3209 cum
3763 3132 3908 3209 iam
3962 3158 4095 3233 ag·

1032 3257 1342 3355 grediar,
1413 3282 1536 3332 vos
1577 3280 1861 3346 omnes,
1913 3256 2289 3332 Auditores
2333 3254 2889 3331 Humanissimi!
2940 3262 3288 3355 quotquot
3340 3254 3643 3343 adestis,
3696 3261 3779 3329 ut
3823 3254 4103 3353 ingenii

1032 3378 1174 3451 mei
1224 3403 1304 3453 ac
1369 3376 1647 3451 dicendi
1703 3376 2290 3465 mediocritatem,
2361 3402 2445 3451 ea
2511 3402 2691 3476 quae
2752 3378 2829 3451 in
2890 3376 3087 3452 vobis
3140 3384 3281 3465 est,
3345 3374 3822 3463 humanitate,
3870 3372 4094 3448 bene-

1031 3497 1331 3573 volentia
1379 3524 1459 3573 ac
1499 3496 1834 3597 patientia
1883 3497 2256 3573 sublevetis
2279 3556 2298 3587 ,
2351 3496 2565 3572 etiam
2616 3504 2831 3597 atque
2880 3496 3091 3573 etiam
3136 3504 3413 3596 rogatos
3449 3495 3622 3570 volo

1127 3974 1270 4061 At,
1298 3996 1458 4049 cum
1491 3975 1634 4049 iam
1661 3974 1736 4051 in
1767 3999 1851 4049 eo
1879 3980 2189 4049 versetur
2215 3981 2451 4051 nostra
2480 3976 2699 4050 oratio
2717 4034 2738 4064 ,
2780 3982 2862 4050 ut
2887 3975 2980 4050 ad
2998 3980 3491 4073 argumentum
3518 4030 3539 4061 ,
3564 3971 3756 4072 quod
3784 3978 4091 4045 tractan-

1033 4093 1206 4169 dum
1267 4096 1509 4193 putavi
1527 4154 1548 4185 ‚
1606 4096 1894 4195 propius
1951 4094 2311 4171 accedam:
2383 4120 2541 4171 ecce
2594 4096 2800 4171 nobis
2846 4104 3252 4183 occurrunt,
3314 4096 3440 4195 qui
3462 4172 3469 4179 ,
3490 4095 3665 4171 mihi
3706 4092 4085 4169 obiiciant:

1033 4214 1190 4289 vide
1254 4215 1380 4313 qui
1433 4222 1518 4291 tu
1571 4240 1720 4291 rem
1776 4223 1974 4291 tuam
2018 4215 2197 4289 bene
2243 4240 2412 4315 agas
2429 4274 2450 4305 ,
2516 4196 2642 4314 qui
2682 4241 3043 4316 perperam
3088 4216 3439 4291 connectis
3493 4214 3603 4291 vel
3646 4214 3881 4314 potius
3924 4237 4087 4311 per-

1030 4335 1278 4411 misces
1321 4342 1393 4410 et
1437 4336 1806 4411 confundis
1857 4335 2169 4435 dispares
2223 4334 2675 4435 Tbeologicae
2724 4336 3127 4439 disciplinae
3180 4344 3413 4436 partes
3431 4394 3452 4425 ,
3512 4361 3691 4434 quae
3736 4335 3797 4408 si
3846 4334 4089 4409 minus

1031 4454 1164 4529 sibi
1204 4456 1498 4531 invicem
1553 4458 2005 4533 adversentur
2022 4514 2043 4545 ,
2111 4463 2259 4531 toto
2301 4455 2494 4531 coelo
2535 4481 2578 4531 a
2631 4481 2706 4531 se
2750 4456 3005 4532 distare
3050 4469 3124 4533 et
3168 4457 3443 4533 differre
3490 4458 3895 4543 videantur3
3964 4457 4091 4530 cui
4190 4458 4202 4468 '

1030 4573 1246 4651 dubio
1284 4582 1367 4651 ut
1401 4578 1858 4677 respondeam
1890 4576 2187 4652 forsitan
2229 4576 2360 4650 hoc
2398 4600 2620 4651 unum
2637 4587 2645 4591 “
2662 4577 2969 4676 proferre
3010 4578 3339 4666 sufficiat,
3388 4604 3427 4652 e
3472 4576 3834 4653 notissimo
3864 4576 4085 4651 CICE-

948 4784 958 4795 .
1031 4717 1250 4770 aoms
1325 4688 1512 4771 dicto
1590 4704 2041 4773 ncunctarum
2100 4696 2359 4771 artium
2410 4721 2493 4771 ae
2538 4696 3059 4796 disciplinarum
3095 4722 3465 4773 commune
3518 4698 3873 4797 quoddam
3926 4722 4089 4773 esse

1029 4812 1429 4891 vinculum”
1479 4822 1691 4917 atque
1705 4875 1728 4909 ,
1784 4817 1936 4895 nuti
1986 4840 2230 4895 omnes
2280 4822 2569 4893 naturae
2613 4824 2847 4916 partes
2890 4826 3058 4893 sunt
3108 4826 3635 4919 coagmentatae
3686 4818 3868 4892 inter
3926 4842 4089 4891 sese
