4766 6034
1780 658 2339 728 ORATIO.
3450 659 3576 726 135

534 867 727 944 brem
749 927 768 955 ,
833 865 1150 966 quamvis
1214 889 1571 943 summum
1630 867 1877 944 Virum
1937 867 2539 967 qualibuscunque
2577 868 2754 942 meis
2803 866 3130 942 laudibus
3177 868 3382 966 longe
3429 891 3579 941 esse

532 991 864 1064 maiorem
922 987 1205 1086 penitus
1264 987 1629 1086 persentio,
1748 988 2135 1064 Historiam
2190 988 2576 1087 Religionis
2623 996 2696 1062 et
2741 988 3102 1064 Societatis
3147 987 3580 1064 Christianae

525 1112 667 1186 iam
706 1109 983 1188 dudum
1027 1107 1207 1183 bene
1256 1107 1497 1182 multis
1542 1108 1914 1186 dumetum
1954 1109 2313 1209 quoddam
2364 1110 2531 1184 satis
2577 1110 2714 1185 late
2754 1117 2998 1209 patens
3041 1117 3113 1184 at
3158 1108 3433 1183 aridum
3478 1110 3576 1184 vi-

528 1255 687 1304 sum
750 1253 905 1304 esse
968 1229 1321 1303 neminem
1384 1227 1593 1326 paulo
1664 1228 2061 1330 peritiorem
2123 1229 2329 1330 fugit.
2430 1230 2621 1305 Hinc
2680 1229 2945 1306 factum
2963 1289 2982 1319 ,
3055 1236 3137 1306 ut
3189 1229 3380 1306 nulla
3431 1230 3576 1305 fere

522 1353 884 1426 fructuum
904 1408 923 1438 ,
973 1375 1151 1449 quos
1189 1357 1497 1448 gesserat
1543 1375 1709 1449 ager
1726 1408 1745 1438 ,
1792 1350 2062 1426 ratione
2098 1350 2340 1426 habita
2354 1409 2374 1440 ‚
2424 1351 2499 1425 in
2545 1351 2663 1426 illo
2701 1351 2926 1426 solum
2958 1375 3200 1450 vepres
3230 1377 3310 1427 ac
3341 1351 3575 1450 spinas

524 1473 731 1548 anxie
760 1471 967 1546 nimis
996 1481 1069 1545 et
1102 1470 1423 1568 cupidius
1448 1479 1857 1569 quaererent
1877 1497 2111 1548 rerum
2135 1480 2298 1547 ante
2320 1480 2682 1572 gestarum
2709 1472 3148 1572 indagatores
3170 1478 3241 1546 et
3263 1496 3574 1571 perscru-

520 1601 804 1667 tatores.
904 1591 1118 1671 Quod
1165 1616 1303 1664 non
1356 1591 1581 1666 solum
1622 1593 1697 1667 in
1742 1592 2343 1670 centuriatoribus
2387 1592 3116 1692 Magdeburgensibus
3135 1651 3154 1682 ,
3195 1592 3319 1668 sed
3361 1593 3573 1669 etiam

522 1715 597 1786 in
641 1714 1051 1787 Sm'r'rnnao
1074 1771 1093 1799 ,
1143 1711 1492 1785 HnNcmo
1514 1769 1533 1800 ,
1583 1711 1873 1811 aliisque
1912 1714 2207 1813 egregiis
2241 1714 2642 1812 ceteroquin
2687 1713 2882 1801 viris,
2926 1713 3570 1812 reprehendendum

524 1859 675 1908 esse
746 1841 931 1908 recte
950 1892 971 1922 ‚
1038 1841 1119 1906 ut
1178 1833 1460 1930 opinor,
1524 1842 1948 1909 monuerunt
2003 1834 2155 1908 Viri
2217 1835 2446 1923 docti,
2517 1834 2641 1933 qui
2683 1833 3055 1910 Nummio
3100 1843 3571 1934 parentarunt.

521 1947 897 2028 Numina
955 1977 1114 2026 vero
1167 1952 1373 2051 plane
1424 1951 1767 2030 diversam
1816 1955 1985 2030 haec
2030 1956 2375 2031 tractandi
2413 1955 2606 2030 ‘viam
2656 1962 2728 2029 et
2778 1954 2914 2029 sibi
2969 1956 3395 2055 sequendam
3443 1981 3574 2056 pu-

520 2075 697 2150 tavit
740 2083 813 2149 et
864 2075 1017 2152 aliis
1061 2074 1707 2152 commendandam.
1809 2076 2057 2150 Ubivis
2098 2076 2172 2150 in
2220 2076 2546 2152 societate
2593 2075 2988 2151 Christiana
3036 2078 3353 2153 Coeleste
3397 2077 3576 2154 illud

520 2197 855 2294 Regnum
874 2195 966 2269 ob
986 2195 1221 2269 oculos
1244 2194 1533 2284 habens,
1558 2196 1887 2271 omnibus
1912 2197 2201 2272 terrenis
2216 2197 2450 2296 regnis
2476 2203 2546 2270 et
2569 2196 3012 2271 societatibus
3033 2197 3356 2273 humanis
3373 2199 3578 2298 longe

522 2316 896 2391 sublimius
948 2324 1021 2390 et
1070 2315 1392 2390 stabilius
1410 2374 1431 2405 ,
1481 2340 1687 2392 omne
1728 2318 1905 2393 illud
1958 2342 2045 2392 ex
2100 2317 2417 2392 Historia
2458 2316 2673 2390 veluti
2721 2340 2968 2391 aurum
3019 2343 3058 2392 e
3101 2325 3284 2392 terra
3331 2343 3574 2394 eruen-

520 2437 694 2512 dum
744 2445 959 2536 atque
1008 2438 1083 2511 in
1141 2437 1370 2512 media
1425 2437 1579 2513 luce
1640 2437 2043 2537 ponendum
2108 2438 2418 2525 curavit,
2490 2435 2838 2536 quidquid
2885 2437 3158 2512 divinae
3223 2437 3575 2538 religionis

522 2558 665 2632 vim
732 2557 1121 2633 beneficam
1182 2557 1275 2632 ad
1332 2556 1743 2634 miserorum
1788 2558 2191 2636 mortalium
2245 2557 2516 2633 animos
2571 2556 3024 2632 consolandos
3072 2564 3285 2656 atque
3339 2582 3572 2633 emen-

520 2679 791 2753 dandos
840 2678 1297 2777 patefaceret,
1336 2678 1684 2778 quidquid
1717 2679 1917 2756 facile
1966 2679 2041 2754 in
2090 2679 2473 2778 practicam
2514 2701 2727 2754 usum
2767 2679 3073 2752 converti
3110 2686 3343 2777 posset
3370 2679 3574 2756 adeo-

520 2824 661 2898 que
720 2798 903 2873 vitae
954 2797 1314 2873 inserviret
1363 2823 1519 2874 vere
1566 2800 2021 2878 Christianae.
2105 2802 2201 2876 Et
2256 2805 2404 2876 tam
2458 2798 2748 2874 feliciter
2797 2821 2946 2872 rem
3001 2823 3203 2874 suam
3245 2799 3437 2899 egit,
3496 2807 3579 2874 ut

518 2943 728 3019 opere
792 2918 1110 2993 nondum
1179 2918 1483 3019 perfecto
1544 2926 1615 2994 et
1679 2919 1814 2995 sibi
1874 2929 1944 2995 et
2008 2920 2364 3022 religioni,
2423 2942 2638 3020 quam
2698 2918 2840 2994 vita
2886 2925 2959 2993 et
3021 2919 3294 3020 scriptis
3355 2921 3580 2996 tuitus

521 3048 662 3130 est,
704 3046 1245 3117 monumentum
1290 3039 1678 3115 condiderit
1706 3067 1863 3117 aere
1887 3042 2282 3142 perennius.
2364 3042 2502 3115 Eat
2543 3064 2730 3115 nunc
2760 3040 3014 3139 aliquis
3059 3049 3133 3115 et
3180 3042 3270 3117 de
3314 3043 3580 3118 meritis

518 3160 673 3237 eius
739 3160 1109 3235 detrahens
1174 3160 1536 3259 perfricata
1608 3160 1835 3237 fronte
1906 3163 2187 3262 altoque
2240 3160 2602 3262 supercilio
2647 3162 2941 3237 affirmet
2987 3162 3421 3239 Nnaunauu
3470 3171 3576 3239 to-

518 3290 678 3356 tum
718 3280 1031 3356 internae
1078 3280 1258 3355 vitae
1301 3282 1867 3380 contemplationi
1911 3282 2231 3358 deditum
2270 3308 2382 3357 res
2421 3290 2740 3358 externas
2769 3306 3014 3382 parum
3058 3306 3371 3372 curasse;
3411 3308 3578 3359 eum

518 3400 765 3477 iudicii
810 3400 1131 3477 acumine
1174 3400 1419 3478 cedere
1482 3402 1941 3494 Summam
1997 3403 2261 3504 ingenii
2321 3404 2640 3478 ubertate
2664 3461 2686 3493 ,
2749 3426 2928 3503 quae
2972 3402 3147 3477 sales
3197 3409 3268 3477 et
3308 3403 3576 3481 lumina

520 3521 827 3623 spargit,
896 3522 1185 3612 HAs103
1262 3522 1339 3597 in
1408 3523 1926 3600 accuratissima
1990 3524 2293 3623 fontium
2379 3524 2838 3622 descriptione
2907 3525 3016 3601 vel
3099 3523 3576 3601 aestimatione

522 3646 994 3732 Grnsnnnnm
1040 3644 1149 3718 vel
1200 3666 1365 3719 eum
1410 3644 1486 3718 in
1543 3642 1864 3721 dictionis
1910 3643 2402 3744 perspicuitate
2461 3651 2533 3719 et
2601 3644 2742 3720 stili
2787 3644 3131 3744 elegantia
3178 3647 3530 3721 Mannum
3557 3706 3577 3735 ‚

520 3762 1105 3853 ΗΑοΕΝΒΑοΗῙο,
1130 3764 1591 3843 ΒυΝοΕΝΕΒο
1618 3764 1959 3841 minorem
1984 3790 2135 3841 esse
2156 3765 2560 3840 habendum
2582 3799 2601 3854 ;
2622 3766 2730 3839 vel
2757 3766 2865 3843 his
2887 3766 3216 3842 omnibus
3237 3768 3580 3843 concessis

522 3884 803 3959 nullum
840 3884 1090 3960 horum
1126 3884 1667 3983 coryphaeorum
1692 3887 2063 3961 NEANnno
2086 3944 2107 3973 ,
2130 3885 2644 3961 Historicorum
2664 3887 3020 3985 quondam
3053 3888 3385 3988 principi,
3429 3888 3574 3989 pal-

520 4026 711 4078 mam
770 4011 1173 4103 erepturum
1192 4062 1211 4093 ,
1271 4006 1382 4079 vel
1428 4004 1701 4081 debitas
1759 4006 1836 4081 id
1880 4014 1991 4082 est
2039 4031 2345 4083 summas
2400 4007 2642 4081 laudes
2681 4007 3190 4106 denegaturum
3227 4034 3380 4085 esse
3417 4035 3572 4109 per·

524 4148 817 4199 suasum
876 4124 1053 4199 mihi
1110 4124 1374 4201 habeo!
1452 4128 1707 4202 Favete
1769 4126 1870 4226 pii
1916 4128 2271 4201 NnANmu
2336 4127 2612 4202 manes!
2696 4127 2920 4202 Tuam
2981 4127 3359 4227 imaginem
3432 4153 3574 4227 quo

522 4242 795 4318 diutius
852 4241 1129 4316 intueor
1146 4300 1165 4330 ,
1222 4266 1307 4316 eo
1376 4244 1603 4343 magis
1664 4251 1737 4319 te
1788 4242 2131 4334 venerari,
2196 4244 2561 4334 admirari,
2625 4246 2948 4321 adamare
3013 4248 3286 4323 animus
3351 4248 3569 4323 iubet.

519 4363 731 4437 Faxit
768 4361 965 4437 Deus
985 4419 1004 4450 ,
1046 4370 1127 4436 ut
1174 4361 1342 4437 haec
1389 4370 1515 4438 tua
1558 4364 1792 4465 imago
1847 4366 2022 4441 mihi
2076 4389 2349 4465 semper
2407 4365 2508 4441 ita
2561 4365 2962 4441 obversetur
2981 4424 3001 4454 ‚
3057 4376 3138 4443 ut
3187 4368 3364 4443 hanc
3408 4393 3568 4443 con·

520 4482 965 4581 templand0‚
1031 4490 1102 4557 te
1160 4482 1412 4559 ducem
1466 4486 1820 4584 sequendo
1842 4543 1863 4574 ,
1926 4494 2189 4586 tuaque
2236 4485 2490 4586 scripta
2545 4493 2882 4562 nocturna
2931 4487 3318 4587 diurnaque
3357 4514 3575 4565 manu
3617 4553 3622 4559 ,

520 4602 902 4692 versand0‚
956 4627 1197 4678 omnes
1216 4661 1237 4693 ,
1289 4604 1415 4703 qui
1454 4628 1644 4680 meas
1686 4606 1958 4682 scholas
2003 4607 2297 4695 adeant,
2352 4605 2643 4681 reddam
2694 4606 3140 4705 sapientiores
3158 4666 3180 4695 ,
3223 4608 3569 4700 meliore&

522 4746 679 4796 vere
733 4721 1165 4799 Christianos
1182 4781 1201 4811 ,
1252 4731 1463 4824 atque
1515 4725 1663 4825 ipse
1710 4725 1785 4801 in
1836 4725 1985 4801 dies
2035 4726 2408 4826 sapientior
2454 4726 2832 4826 meliorque
2877 4728 3182 4805 evadam.
