4766 6034
2078 652 2654 725 ORATIO:
2957 660 3058 731 ,¹
3789 654 3829 721 9

792 887 911 940 ces
948 866 1041 939 22
1083 868 1359 938 tantum
1400 862 1852 937 accesserunt,
1952 862 2135 936 Tum
2177 887 2336 936 vero
2377 886 2464 934 ex
2505 858 2734 934 Libris
2771 856 2944 931 Jon.
2992 857 3155 933 JAC.
3201 860 3699 933 Scuumnnstr
3733 862 3824 934 81

792 983 1051 1058 coemti
1100 992 1296 1071 sunt3
1358 983 1617 1081 quibus
1671 982 1732 1056 si
1782 982 2187 1057 accessisset
2224 983 2615 1055 EvnaAnm
2666 980 3006 1053 Scnnrnn
3054 979 3488 1053 Bibliotheca
3511 1036 3533 1069 ,
3583 979 3828 1053 Schul-

794 1104 1109 1178 tensianii.
1172 1104 1395 1180 multo
1463 1103 1755 1202 amplior
1776 1160 1795 1190 ,
1857 1111 2093 1177 nostra
2138 1101 2446 1177 collectio
2498 1125 2752 1199 magna
2811 1124 2976 1173 sane
3029 1099 3452 1173 incrementa
3509 1100 3825 1199 cepisset.

796 1221 936 1297 Sed
1004 1224 1178 1322 proh
1237 1223 1463 1297 dolor!
1532 1224 1701 1297 haec
1762 1223 2115 1296 divendita
2170 1230 2277 1296 est
2337 1246 2519 1294 anno
2575 1220 2786 1319 hujus
2845 1218 3057 1322 seculi
3109 1222 3212 1307 6⁰,
3264 1227 3571 1317 tempore
3622 1242 3789 1317 ergo
3809 1276 3830 1307 ,

795 1363 933 1438 quo
998 1341 1232 1415 Patria
1302 1341 1492 1415 haud
1561 1344 1883 1438 prospera
1952 1338 2311 1413 fruebatur
2382 1336 2773 1411 conditione
2792 1395 2813 1425 ,
2879 1338 3051 1412 adeo
3118 1346 3202 1411 ut
3263 1363 3404 1411 non
3460 1338 3599 1411 nisi
3647 1362 3832 1411 unus

796 1460 1033 1533 Codex
1080 1460 1423 1535 Arabicus
1442 1519 1463 1548 ,
1510 1460 1573 1534 is
1622 1484 1780 1535 vero
1826 1459 2308 1558 gravissimus,
2355 1457 2639 1555 reliquis
2688 1466 2856 1532 tunc
2904 1457 3274 1532 adderetur
3322 1459 3408 1549 ⁷).

890 1576 1181 1651 Felicior
1234 1586 1423 1651 aetas
1480 1578 1725 1651 alluxit
1788 1602 1875 1651 ex
1918 1602 2059 1675 quo
2108 1576 2183 1649 H
2188 1599 2590 1650 AMAKERUS
2635 1575 2906 1651 Literas
2956 1577 3110 1652 OO.
3160 1578 3233 1650 in
3281 1577 3410 1651 hac
3453 1577 3830 1652 Academia

798 1695 1037 1771 docere
1100 1696 1347 1795 coepit.
1448 1697 1589 1771 Hic
1645 1696 1831 1772 enim
1891 1722 2031 1771 non
2090 1696 2296 1771 modo
2353 1696 2665 1771 ardorem
2730 1697 2854 1771 has
2910 1697 3178 1771 Literas
3231 1697 3499 1771 colendi
3547 1697 3833 1771 mirifice

796 1816 1153 1903 excitavit,
1224 1816 1349 1889 sed
1408 1816 1537 1891 hoc
1583 1818 1793 1893 etiam
1834 1816 2140 1904 studuit,
2192 1824 2271 1890 ut
2318 1816 2737 1891 MSStorum
2781 1817 2978 1914 copia
3022 1816 3370 1915 insignem
3420 1816 3493 1890 in
3541 1817 3833 1891 modum

796 1944 1181 2034 augeretur.
1310 1936 1508 2011 Idem
1576 1937 1826 2011 deinde
1888 1936 2033 2036 egit
2102 1938 2597 2024 annast,
2671 1961 2812 2034 quo
2889 1936 3149 2010 factum
3217 1943 3365 2025 est,
3435 1944 3516 2011 ιιι
3587 1935 3836 2010 horum

792 2056 1339 2130 Duumvirorum
1392 2060 1596 2155 operti
1644 2082 1767 2155 per
1813 2060 1903 2130 25
1956 2055 2222 2131 circiter
2264 2080 2482 2131 annos
2531 2059 2816 2130 trecenti
2861 2055 3152 2130 Codices
3195 2055 3668 2130 Bibliothecae
3714 2056 3836 2129 ad-

791 2175 1249 2275 jungerentur
1286 2178 1374 2267 8).
1475 2175 1613 2249 His
1675 2180 1963 2276 triqinta
2019 2184 2160 2250 tres
2219 2177 2407 2252 hisce
2465 2179 2508 2250 8
2562 2176 2762 2250 annis
2805 2184 3277 2264 accesserunt,
3331 2176 3504 2250 adeo
3552 2183 3632 2250 ut
3681 2175 3835 2249 uni-

794 2320 986 2371 versa
1032 2294 1341 2370 collectio
1392 2320 1531 2369 una
1576 2320 1738 2371 cum
1788 2299 1884 2369 84
1932 2296 2273 2372 Hebraeis
2295 2354 2312 2382 ,
2370 2298 2557 2373 1720
2607 2296 2854 2369 Libros
2903 2294 3108 2369 hodie
3157 2295 3672 2393 complectatur.

890 2415 1030 2489 Hic
1089 2439 1425 2488 numerus
1489 2416 1803 2512 quamvis
1869 2416 2203 2515 insignis,
2255 2416 2314 2489 si
2358 2416 2592 2513 ipsum
2639 2416 2864 2488 solum
2913 2424 3215 2512 spectaS,
3265 2415 3552 2489 minime
3602 2425 3838 2490 tamen

796 2538 875 2607 ιιι
914 2534 1199 2621 videtis,
1250 2534 1397 2632 spei
1438 2536 1844 2634 respondet,
1894 2561 2107 2633 quam
2148 2535 2400 2610 Proavi
2443 2542 2606 2609 ante
2657 2535 2783 2609 hos
2831 2536 2969 2610 186
3018 2558 3236 2609 annos
3283 2533 3440 2633 jure
3481 2535 3837 2631 concipere

796 2661 1191 2751 potuerunt.
1326 2655 1539 2733 Quod
1612 2655 1820 2753 vulgo
1896 2655 2250 2745 dictitant,
2326 2662 2408 2729 ut
2474 2656 2929 2729 recentiorum
3007 2662 3398 2753 temporum
3470 2652 3838 2752 segnitiem

798 2780 1165 2862 excusent,
1245 2774 1403 2871 quis
1473 2775 1741 2849 nescit?
1852 2778 2195 2850 Bonorum
2214 2834 2235 2863 ,
2308 2775 2547 2874 ajunt,
2623 2782 2696 2849 et
2767 2800 2990 2849 eorum
3057 2778 3344 2848 mamime
3365 2832 3384 2861 ,
3462 2776 3581 2873 qui
3647 2772 3840 2871 υιιζᾳο

798 2902 1113 2990 optantur
1131 2953 1151 2982 ,
1234 2897 1539 2970 Codicum
1592 2897 2007 2969 emendorum
2060 2900 2526 2994 opportunitas
2571 2922 2744 2969 nunc
2787 2898 2906 2969 vice
2949 2896 3093 2967 ulla
3143 2896 3347 2969 datur
3363 2896 3397 2966 l
3446 2934 3544 2949 -
3595 2894 3840 2964 Nostra

799 3021 1019 3088 aetate
1078 3013 1255 3088 hanc
1326 3019 1655 3120 rariorem
1728 3040 1877 3090 esse
1898 3075 1917 3102 ,
1989 3041 2203 3113 quam
2270 3025 2474 3091 antea
2492 3075 2514 3104 ,
2575 3014 2875 3090 concedo
2896 3073 2916 3102 ,
2981 3013 3103 3087 sed
3154 3023 3225 3087 et
3270 3010 3474 3086 hodie
3520 3010 3838 3086 eamdem

800 3141 1033 3232 patere
1095 3134 1218 3223 iis,
1284 3135 1406 3232 qui
1458 3134 1816 3209 Orientem
1870 3136 2005 3233 ipsi
2062 3136 2353 3224 adeant,
2418 3135 2764 3232 rebusque
2819 3134 3040 3207 obviis
3087 3133 3462 3230 prudenter
3508 3139 3836 3218 utantur,

804 3275 1031 3350 neque
1094 3253 1341 3352 opibus
1404 3261 1723 3353 parcant,
1784 3255 1855 3329 et
1902 3263 2137 3329 nostra
2176 3261 2474 3329 testatur
2516 3253 2857 3340 collectio,
2909 3251 2980 3326 et
3025 3235 3496 3326 Bibliothecae
3549 3251 3841 3349 Anyliae

802 3397 881 3448 ac
917 3373 1341 3448 Pariciencis
1356 3433 1375 3463 ,
1423 3399 1604 3473 quae
1638 3375 1767 3450 hoc
1798 3375 1971 3450 item
2010 3375 2239 3450 seculo
2272 3375 2558 3448 mirifice
2593 3373 2850 3447 ditatae
2885 3381 3071 3446 sunt.
3134 3372 3242 3445 Ac
3282 3371 3840 3468 Petropolitana,

800 3491 914 3566 cui
968 3517 1150 3567 anno
1206 3492 1417 3592 hujus
1486 3495 1699 3568 seculi
1765 3497 1917 3583 18⁰,
1968 3494 2259 3569 Codices
2310 3494 2467 3569 OO.
2517 3517 2796 3592 prorsus
2839 3492 3079 3566 deesse
3124 3493 3561 3567 Fumantes
3599 3516 3842 3588 quere-

800 3609 1006 3686 batur
1054 3611 1117 3702 9)
1141 3669 1163 3698 ,
1212 3622 1634 3709 quantopere
1682 3612 1793 3688 his
1839 3617 1933 3686 30
1980 3614 2181 3687 annis
2224 3621 2428 3687 aucta
2473 3613 2614 3686 est!
2695 3614 2944 3687 Fateor
2994 3611 3240 3686 harum
3291 3613 3628 3687 Gentium
3679 3635 3841 3686 con-

802 3727 1135 3803 ditionem
1211 3757 1255 3804 a
1319 3735 1551 3806 nostra
1617 3758 1830 3831 quam
1893 3734 2193 3808 maxime
2256 3732 2563 3820 differre,
2635 3758 2715 3806 ac
2787 3732 2969 3807 bella
3040 3732 3329 3807 feliciter
3395 3742 3593 3832 gesta
3654 3731 3846 3805 haud

802 3872 1046 3945 parum
1112 3850 1485 3924 contulisse
1548 3851 1641 3926 ad
1702 3877 1914 3928 novos
1984 3839 2277 3927 Codices
2346 3853 2799 3951 acquirendos
2820 3911 2841 3940 ,
2917 3852 3041 3926 sed
3104 3875 3244 3927 non
3307 3877 3548 3926 omnes
3612 3850 3713 3924 illi
3775 3849 3846 3921 vi

803 3967 1057 4065 erepti,
1110 3992 1247 4041 non
1291 3995 1529 4044 omnes
1568 3982 1724 4069 post
1765 3973 2065 4071 prolatos
2114 3973 2387 4071 imperii
2428 3975 2602 4047 fines
2653 3973 2728 4046 in
2773 3973 2972 4046 terris
3016 3972 3298 4047 devictis
3346 3972 3610 4047 inventi
3655 3979 3840 4044 sunt.

802 4087 1031 4159 Armis
1066 4087 1323 4164 scilicet
1358 4113 1486 4163 nec
1524 4089 1957 4165 Bibliotheca
1993 4093 2496 4178 Berolinencic,
2545 4117 2672 4166 nec
2712 4093 3091 4189 Lipsiensis
3112 4149 3131 4178 ,
3181 4091 3596 4189 exquisitam
3632 4086 3844 4161 debet

806 4205 1266 4282 Orientalium
1321 4207 1691 4284 Librorum
1752 4211 2255 4299 collectionem,
2306 4215 2444 4309 qua
2499 4214 2625 4285 illa
2679 4219 2838 4285 ante
2890 4209 3248 4308 biennium
3277 4268 3296 4298 ,
3347 4212 3513 4283 haec
3567 4229 3840 4306 praece·

660 4395 678 4410 ,
805 4323 1011 4400 dente
1051 4351 1234 4401 anno
1270 4337 1510 4403 ornata
1546 4337 1673 4405 est.
1776 4330 2087 4405 Publicis
2120 4333 2445 4406 sumtibus
2480 4330 2658 4406 hanc
2701 4337 3149 4429 acceperunt,
3199 4354 3242 4403 a
3286 4329 3842 4414 Wn‘rzsrnmro,

806 4443 1267 4520 Borussorum
1341 4447 1644 4523 Consule
1721 4449 2143 4526 Damasceno
2159 4508 2180 4538 ,
2264 4450 2339 4525 in
2420 4449 2706 4524 Oriente
2782 4449 3136 4524 collectam
3151 4506 3173 4537 ,
3247 4454 3318 4522 et
3389 4446 3479 4522 ab
3559 4443 3846 4519 interitu

806 4571 1163 4639 servatam.

902 4681 1181 4758 Harum
1248 4709 1498 4784 nempe
1557 4687 1945 4764 Literarum
2014 4691 2246 4765 studio
2307 4690 2774 4791 promovendo
2839 4688 3012 4763 nihil
3071 4713 3236 4764 sane
3295 4693 3403 4762 est
3466 4684 3806 4761 efficacius
3824 4742 3846 4773 ,

806 4800 981 4878 nihil-
1028 4805 1459 4904 exoptatius,
1510 4831 1725 4905 quam
1769 4809 1830 4885 si
1868 4809 2019 4886 Viri
2038 4869 2059 4903 ,
2110 4837 2351 4888 earum
2387 4810 2778 4905 Literarum
2819 4809 3062 4908 periti,
3114 4817 3196 4884 ut
3235 4811 3518 4883 Gomus
3558 4805 3726 4881 olim
3775 4811 3846 4876 et

3412 4932 3457 5001 2
