<?xml version="1.0" encoding="UTF-8"?>
<!DOCTYPE html PUBLIC "-//W3C//DTD XHTML 1.0 Transitional//EN"
    "http://www.w3.org/TR/xhtml1/DTD/xhtml1-transitional.dtd">
<html xmlns="http://www.w3.org/1999/xhtml" xml:lang="en" lang="en">
 <head>
  <title>
</title>
<meta http-equiv="Content-Type" content="text/html;charset=utf-8" />
  <meta name='ocr-system' content='tesseract 3.04.00' />
  <meta name='ocr-capabilities' content='ocr_page ocr_carea ocr_par ocr_line ocrx_word'/>
</head>
<body>
  <div class='ocr_page' id='page_1' title='image "annalesacademic02confgoog_0495.png"; bbox 0 0 4766 6034; ppageno 0'>
   <div class='ocr_carea' id='block_1_1' title="bbox 1826 627 3650 700">
    <p class='ocr_par' dir='ltr' id='par_1_1' title="bbox 1826 627 3650 700">
     <span class='ocr_line' id='line_1_1' title="bbox 1826 627 3650 700; baseline 0.003 -6"><span class='ocrx_word' id='word_1_1' title='bbox 1826 627 2428 697; x_wconf 78' lang='lat' dir='ltr'><strong>IUDICIA.</strong></span> <span class='ocrx_word' id='word_1_2' title='bbox 3519 630 3650 700; x_wconf 78' lang='lat'><strong>203</strong></span> 
     </span>
    </p>
   </div>
   <div class='ocr_carea' id='block_1_2' title="bbox 508 837 3695 5013">
    <p class='ocr_par' dir='ltr' id='par_1_2' title="bbox 608 837 3648 1302">
     <span class='ocr_line' id='line_1_2' title="bbox 610 837 3644 941; baseline 0.001 -27"><span class='ocrx_word' id='word_1_3' title='bbox 610 838 947 939; x_wconf 90' lang='lat' dir='ltr'><strong>signitum</strong></span> <span class='ocrx_word' id='word_1_4' title='bbox 1026 837 1365 913; x_wconf 68' lang='lat' dir='ltr'><strong>Vmann</strong></span> <span class='ocrx_word' id='word_1_5' title='bbox 1440 860 1679 913; x_wconf 87' lang='lat' dir='ltr'><strong>versu:</strong></span> <span class='ocrx_word' id='word_1_6' title='bbox 1765 838 2015 913; x_wconf 75' lang='lat' dir='ltr'><strong>nFelioe</strong></span> <span class='ocrx_word' id='word_1_7' title='bbox 2084 841 2205 940; x_wconf 82' lang='lat' dir='ltr'><strong>qui</strong></span> <span class='ocrx_word' id='word_1_8' title='bbox 2276 863 2512 914; x_wconf 80' lang='lat' dir='ltr'><strong>rerum</strong></span> <span class='ocrx_word' id='word_1_9' title='bbox 2563 841 2804 939; x_wconf 77' lang='lat' dir='ltr'><strong>potuit</strong></span> <span class='ocrx_word' id='word_1_10' title='bbox 2855 862 3276 941; x_wconf 65' lang='lat' dir='ltr'><strong>-coynoscere</strong></span> <span class='ocrx_word' id='word_1_11' title='bbox 3351 842 3644 917; x_wconf 58' lang='lat' dir='ltr'><strong>causasn</strong></span> 
     </span>
     <span class='ocr_line' id='line_1_3' title="bbox 608 958 3642 1060; baseline 0.001 -24"><span class='ocrx_word' id='word_1_12' title='bbox 608 959 857 1036; x_wconf 73' lang='lat' dir='ltr'><strong>Isatine</strong></span> <span class='ocrx_word' id='word_1_13' title='bbox 924 984 1367 1059; x_wconf 80' lang='lat' dir='ltr'><strong>expressum3</strong></span> <span class='ocrx_word' id='word_1_14' title='bbox 1440 960 1722 1035; x_wconf 78' lang='lat' dir='ltr'><strong>tertium</strong></span> <span class='ocrx_word' id='word_1_15' title='bbox 1790 959 2178 1035; x_wconf 85' lang='lat' dir='ltr'><strong>vernacula·</strong></span> <span class='ocrx_word' id='word_1_16' title='bbox 2226 958 2562 1060; x_wconf 87' lang='lat' dir='ltr'><strong>scriptum</strong></span> <span class='ocrx_word' id='word_1_17' title='bbox 2627 965 2699 1035; x_wconf 91' lang='lat' dir='ltr'><strong>et</strong></span> <span class='ocrx_word' id='word_1_18' title='bbox 2765 959 2875 1036; x_wconf 91' lang='lat' dir='ltr'><strong>his</strong></span> <span class='ocrx_word' id='word_1_19' title='bbox 2933 960 3359 1037; x_wconf 61' lang='lat' dir='ltr'><strong>Mammam</strong></span> <span class='ocrx_word' id='word_1_20' title='bbox 3414 962 3642 1039; x_wconf 85' lang='lat' dir='ltr'><strong>verbis</strong></span> 
     </span>
     <span class='ocr_line' id='line_1_4' title="bbox 610 1081 3646 1181; baseline 0.002 -26"><span class='ocrx_word' id='word_1_21' title='bbox 610 1081 1057 1157; x_wconf 86' lang='lat' dir='ltr'><strong>distinctum:</strong></span> <span class='ocrx_word' id='word_1_22' title='bbox 1138 1081 1433 1157; x_wconf 72' lang='lat' dir='ltr'><strong>nNeacio</strong></span> <span class='ocrx_word' id='word_1_23' title='bbox 1490 1105 1620 1181; x_wconf 82' lang='lat' dir='ltr'><strong>quo</strong></span> <span class='ocrx_word' id='word_1_24' title='bbox 1659 1086 1815 1179; x_wconf 79' lang='lat' dir='ltr'><strong>fine</strong></span> <span class='ocrx_word' id='word_1_25' title='bbox 1873 1083 2081 1156; x_wconf 80' lang='lat' dir='ltr'><strong>ducta</strong></span> <span class='ocrx_word' id='word_1_26' title='bbox 2150 1088 2452 1156; x_wconf 73' lang='lat' dir='ltr'><strong>vetustas</strong></span> <span class='ocrx_word' id='word_1_27' title='bbox 2517 1083 2766 1159; x_wconf 83' lang='lat' dir='ltr'><strong>lienem</strong></span> <span class='ocrx_word' id='word_1_28' title='bbox 2837 1086 3018 1160; x_wconf 67' lang='lat' dir='ltr'><strong>risus</strong></span> <span class='ocrx_word' id='word_1_29' title='bbox 3092 1109 3302 1159; x_wconf 65' lang='lat' dir='ltr'><strong>cauea</strong></span> <span class='ocrx_word' id='word_1_30' title='bbox 3371 1094 3646 1162; x_wconf 63' lang='lat' dir='ltr'><strong>metare</strong></span> 
     </span>
     <span class='ocr_line' id='line_1_5' title="bbox 610 1202 3648 1302; baseline 0.002 -25"><span class='ocrx_word' id='word_1_31' title='bbox 610 1204 1027 1302; x_wconf 67' lang='lat' dir='ltr'><strong>evulyaven‘t</strong></span> <span class='ocrx_word' id='word_1_32' title='bbox 1039 1260 1059 1291; x_wconf 91' lang='lat'>‚</span> <span class='ocrx_word' id='word_1_33' title='bbox 1133 1204 1297 1277; x_wconf 79' lang='lat' dir='ltr'><strong>dum</strong></span> <span class='ocrx_word' id='word_1_34' title='bbox 1364 1203 1557 1302; x_wconf 59' lang='lat' dir='ltr'><strong>longo</strong></span> <span class='ocrx_word' id='word_1_35' title='bbox 1620 1202 2084 1279; x_wconf 75' lang='lat' dir='ltr'><strong>litteratorum</strong></span> <span class='ocrx_word' id='word_1_36' title='bbox 2140 1227 2447 1277; x_wconf 82' lang='lat' dir='ltr'><strong>moerore</strong></span> <span class='ocrx_word' id='word_1_37' title='bbox 2521 1205 2604 1277; x_wconf 84' lang='lat' dir='ltr'><strong>ob</strong></span> <span class='ocrx_word' id='word_1_38' title='bbox 2654 1206 2950 1279; x_wconf 76' lang='lat' dir='ltr'><strong>nondum</strong></span> <span class='ocrx_word' id='word_1_39' title='bbox 3005 1213 3391 1281; x_wconf 74' lang='lat' dir='ltr'><strong>assecutam</strong></span> <span class='ocrx_word' id='word_1_40' title='bbox 3450 1208 3648 1282; x_wconf 72' lang='lat' dir='ltr'><strong>huius</strong></span> 
     </span>
    </p>

    <p class='ocr_par' dir='ltr' id='par_1_3' title="bbox 508 1316 3649 1665">
     <span class='ocr_line' id='line_1_6' title="bbox 609 1316 3646 1426; baseline 0.001 -27"><span class='ocrx_word' id='word_1_41' title='bbox 609 1326 894 1399; x_wconf 74' lang='lat' dir='ltr'><strong>viaceris</strong></span> <span class='ocrx_word' id='word_1_42' title='bbox 932 1330 1261 1399; x_wconf 78' lang='lat' dir='ltr'><strong>naturam</strong></span> <span class='ocrx_word' id='word_1_43' title='bbox 1299 1323 1531 1422; x_wconf 66' lang='lat' dir='ltr'><strong>luyent</strong></span> <span class='ocrx_word' id='word_1_44' title='bbox 1572 1325 1973 1399; x_wconf 80' lang='lat' dir='ltr'><strong><em>academiae</em></strong></span> <span class='ocrx_word' id='word_1_45' title='bbox 1986 1324 2067 1409; x_wconf 84' lang='lat'><strong>,·’&#39;</strong></span> <span class='ocrx_word' id='word_1_46' title='bbox 2114 1323 2401 1399; x_wconf 87' lang='lat' dir='ltr'><strong>tandem</strong></span> <span class='ocrx_word' id='word_1_47' title='bbox 2446 1316 2770 1423; x_wconf 67' lang='lat' dir='ltr'><strong>quartam</strong></span> <span class='ocrx_word' id='word_1_48' title='bbox 2829 1324 3001 1400; x_wconf 90' lang='lat' dir='ltr'><strong>item</strong></span> <span class='ocrx_word' id='word_1_49' title='bbox 3051 1325 3274 1426; x_wconf 85' lang='lat' dir='ltr'><strong>patrio</strong></span> <span class='ocrx_word' id='word_1_50' title='bbox 3331 1350 3646 1404; x_wconf 81' lang='lat' dir='ltr'>sermone</span> 
     </span>
     <span class='ocr_line' id='line_1_7' title="bbox 508 1426 3649 1543; baseline 0.001 -24"><span class='ocrx_word' id='word_1_51' title='bbox 508 1426 515 1435; x_wconf 51' lang='grc'><em>’</em></span> <span class='ocrx_word' id='word_1_52' title='bbox 611 1443 859 1519; x_wconf 88' lang='lat' dir='ltr'><strong>litteris</strong></span> <span class='ocrx_word' id='word_1_53' title='bbox 913 1443 1351 1543; x_wconf 87' lang='lat' dir='ltr'><strong>mandatum</strong></span> <span class='ocrx_word' id='word_1_54' title='bbox 1385 1450 1457 1517; x_wconf 90' lang='lat' dir='ltr'><strong>et</strong></span> <span class='ocrx_word' id='word_1_55' title='bbox 1511 1449 1830 1518; x_wconf 88' lang='lat' dir='ltr'><strong>notatum</strong></span> <span class='ocrx_word' id='word_1_56' title='bbox 1893 1442 2119 1519; x_wconf 87' lang='lat' dir='ltr'><strong>verbis</strong></span> <span class='ocrx_word' id='word_1_57' title='bbox 2171 1444 2756 1521; x_wconf 66' lang='lat' dir='ltr'><strong>Zmnnammmz</strong></span> <span class='ocrx_word' id='word_1_58' title='bbox 2815 1447 2999 1522; x_wconf 79' lang='lat' dir='ltr'><strong>uDie</strong></span> <span class='ocrx_word' id='word_1_59' title='bbox 3039 1446 3276 1527; x_wconf 61' lang='lat' dir='ltr'><strong>Nacur</strong></span> <span class='ocrx_word' id='word_1_60' title='bbox 3313 1451 3492 1523; x_wconf 82' lang='lat' dir='ltr'><strong>wird</strong></span> <span class='ocrx_word' id='word_1_61' title='bbox 3504 1508 3524 1539; x_wconf 92' lang='lat'>‚</span> <span class='ocrx_word' id='word_1_62' title='bbox 3573 1451 3649 1523; x_wconf 80' lang='lat' dir='ltr'><strong>in</strong></span> 
     </span>
     <span class='ocr_line' id='line_1_8' title="bbox 610 1564 3040 1665; baseline 0.002 -26"><span class='ocrx_word' id='word_1_63' title='bbox 610 1566 735 1639; x_wconf 82' lang='lat' dir='ltr'><strong>der</strong></span> <span class='ocrx_word' id='word_1_64' title='bbox 776 1564 1013 1639; x_wconf 80' lang='lat' dir='ltr'><strong>Nat-ur</strong></span> <span class='ocrx_word' id='word_1_65' title='bbox 1052 1566 1365 1664; x_wconf 66' lang='lat' dir='ltr'><strong>Zanqaam</strong></span> <span class='ocrx_word' id='word_1_66' title='bbox 1405 1564 1696 1662; x_wconf 60' lang='lat' dir='ltr'><strong>,qeeucbt</strong></span> <span class='ocrx_word' id='word_1_67' title='bbox 1707 1623 1728 1652; x_wconf 87' lang='lat'>,</span> <span class='ocrx_word' id='word_1_68' title='bbox 1778 1591 1899 1639; x_wconf 87' lang='lat' dir='ltr'><strong>am</strong></span> <span class='ocrx_word' id='word_1_69' title='bbox 1940 1564 2512 1664; x_wconf 67' lang='lat' dir='ltr'><strong>yescbwindesten</strong></span> <span class='ocrx_word' id='word_1_70' title='bbox 2553 1568 2977 1665; x_wconf 67' lang='lat' dir='ltr'><strong>yqfunden.’&#39;</strong></span> <span class='ocrx_word' id='word_1_71' title='bbox 3037 1629 3040 1633; x_wconf 88' lang='lat'><strong>.</strong></span> 
     </span>
    </p>

    <p class='ocr_par' dir='ltr' id='par_1_4' title="bbox 706 1684 2412 1784">
     <span class='ocr_line' id='line_1_9' title="bbox 706 1684 2412 1784; baseline -0.001 -23"><span class='ocrx_word' id='word_1_72' title='bbox 706 1686 817 1761; x_wconf 88' lang='lat' dir='ltr'><strong>De</strong></span> <span class='ocrx_word' id='word_1_73' title='bbox 865 1685 976 1761; x_wconf 91' lang='lat' dir='ltr'><strong>his</strong></span> <span class='ocrx_word' id='word_1_74' title='bbox 1027 1684 1614 1784; x_wconf 67' lang='lat' dir='ltr'><strong>disputationibus</strong></span> <span class='ocrx_word' id='word_1_75' title='bbox 1661 1684 1856 1761; x_wconf 91' lang='lat' dir='ltr'><strong>Ordo</strong></span> <span class='ocrx_word' id='word_1_76' title='bbox 1902 1685 2000 1760; x_wconf 89' lang='lat' dir='ltr'><strong>sic</strong></span> <span class='ocrx_word' id='word_1_77' title='bbox 2048 1684 2412 1760; x_wconf 88' lang='lat' dir='ltr'><strong>iudicavit:</strong></span> 
     </span>
    </p>

    <p class='ocr_par' dir='ltr' id='par_1_5' title="bbox 602 1805 3659 3112">
     <span class='ocr_line' id='line_1_10' title="bbox 720 1805 3646 1911; baseline 0 -24"><span class='ocrx_word' id='word_1_78' title='bbox 720 1810 1053 1888; x_wconf 70' lang='lat' dir='ltr'><strong>Quartum</strong></span> <span class='ocrx_word' id='word_1_79' title='bbox 1109 1829 1519 1906; x_wconf 88' lang='lat' dir='ltr'><strong>responsum</strong></span> <span class='ocrx_word' id='word_1_80' title='bbox 1582 1831 1625 1882; x_wconf 89' lang='lat' dir='ltr'><strong>a</strong></span> <span class='ocrx_word' id='word_1_81' title='bbox 1673 1805 1959 1906; x_wconf 87' lang='lat' dir='ltr'><strong>reliquis</strong></span> <span class='ocrx_word' id='word_1_82' title='bbox 2016 1806 2147 1883; x_wconf 91' lang='lat' dir='ltr'><strong>hoc</strong></span> <span class='ocrx_word' id='word_1_83' title='bbox 2200 1805 2480 1882; x_wconf 91' lang='lat' dir='ltr'><strong>nomine</strong></span> <span class='ocrx_word' id='word_1_84' title='bbox 2545 1806 2783 1882; x_wconf 87' lang='lat' dir='ltr'><strong>statim</strong></span> <span class='ocrx_word' id='word_1_85' title='bbox 2851 1807 3190 1911; x_wconf 84' lang='lat' dir='ltr'><strong>distingui</strong></span> <span class='ocrx_word' id='word_1_86' title='bbox 3234 1810 3462 1888; x_wconf 89' lang='lat' dir='ltr'><strong>visum</strong></span> <span class='ocrx_word' id='word_1_87' title='bbox 3501 1820 3646 1902; x_wconf 87' lang='lat' dir='ltr'><strong>est,</strong></span> 
     </span>
     <span class='ocr_line' id='line_1_11' title="bbox 611 1926 3654 2034; baseline 0.002 -32"><span class='ocrx_word' id='word_1_88' title='bbox 611 1928 803 2027; x_wconf 91' lang='lat' dir='ltr'><strong>quod</strong></span> <span class='ocrx_word' id='word_1_89' title='bbox 861 1927 1067 2026; x_wconf 90' lang='lat' dir='ltr'><strong>plena</strong></span> <span class='ocrx_word' id='word_1_90' title='bbox 1122 1927 1214 2002; x_wconf 85' lang='lat' dir='ltr'><strong>ad</strong></span> <span class='ocrx_word' id='word_1_91' title='bbox 1282 1928 1759 2027; x_wconf 86' lang='lat' dir='ltr'><strong>quaestionem</strong></span> <span class='ocrx_word' id='word_1_92' title='bbox 1831 1928 2185 2028; x_wconf 86' lang='lat' dir='ltr'><strong>responsio</strong></span> <span class='ocrx_word' id='word_1_93' title='bbox 2248 1927 2388 2002; x_wconf 92' lang='lat' dir='ltr'><strong>dici</strong></span> <span class='ocrx_word' id='word_1_94' title='bbox 2452 1926 2602 2002; x_wconf 87' lang='lat' dir='ltr'><strong>iure</strong></span> <span class='ocrx_word' id='word_1_95' title='bbox 2660 1950 2797 2002; x_wconf 89' lang='lat' dir='ltr'><strong>non</strong></span> <span class='ocrx_word' id='word_1_96' title='bbox 2847 1936 3096 2027; x_wconf 90' lang='lat' dir='ltr'><strong>potest.</strong></span> <span class='ocrx_word' id='word_1_97' title='bbox 3198 1932 3654 2034; x_wconf 86' lang='lat' dir='ltr'><strong>Investigavit</strong></span> 
     </span>
     <span class='ocr_line' id='line_1_12' title="bbox 608 2046 3650 2153; baseline 0.002 -30"><span class='ocrx_word' id='word_1_98' title='bbox 608 2046 911 2124; x_wconf 87' lang='lat' dir='ltr'><strong>maxime</strong></span> <span class='ocrx_word' id='word_1_99' title='bbox 978 2055 1219 2124; x_wconf 90' lang='lat' dir='ltr'><strong>auctor</strong></span> <span class='ocrx_word' id='word_1_100' title='bbox 1285 2048 1361 2122; x_wconf 89' lang='lat' dir='ltr'><strong>in</strong></span> <span class='ocrx_word' id='word_1_101' title='bbox 1424 2048 1706 2125; x_wconf 76' lang='lat' dir='ltr'><strong>cellulas</strong></span> <span class='ocrx_word' id='word_1_102' title='bbox 1778 2050 2185 2149; x_wconf 88' lang='lat' dir='ltr'><strong>corpuscula</strong></span> <span class='ocrx_word' id='word_1_103' title='bbox 2200 2116 2217 2131; x_wconf 84' lang='lat'><strong>.</strong></span> <span class='ocrx_word' id='word_1_104' title='bbox 2244 2049 2606 2149; x_wconf 83' lang='lat' dir='ltr'><strong>sanguinis</strong></span> <span class='ocrx_word' id='word_1_105' title='bbox 2673 2048 3142 2142; x_wconf 89' lang='lat' dir='ltr'><strong>continentes;</strong></span> <span class='ocrx_word' id='word_1_106' title='bbox 3217 2052 3484 2153; x_wconf 88' lang='lat' dir='ltr'><strong>reliqua</strong></span> <span class='ocrx_word' id='word_1_107' title='bbox 3557 2054 3650 2131; x_wconf 88' lang='lat' dir='ltr'><strong>ad</strong></span> 
     </span>
     <span class='ocr_line' id='line_1_13' title="bbox 608 2160 3650 2270; baseline 0.002 -25"><span class='ocrx_word' id='word_1_108' title='bbox 608 2168 1090 2269; x_wconf 84' lang='lat' dir='ltr'><strong>quaestionem</strong></span> <span class='ocrx_word' id='word_1_109' title='bbox 1132 2168 1453 2245; x_wconf 82' lang='lat' dir='ltr'><strong>facientia</strong></span> <span class='ocrx_word' id='word_1_110' title='bbox 1509 2170 1621 2245; x_wconf 86' lang='lat' dir='ltr'><strong>vix</strong></span> <span class='ocrx_word' id='word_1_111' title='bbox 1670 2172 1796 2245; x_wconf 92' lang='lat' dir='ltr'><strong>aut</strong></span> <span class='ocrx_word' id='word_1_112' title='bbox 1836 2192 1927 2243; x_wconf 92' lang='lat' dir='ltr'><strong>ne</strong></span> <span class='ocrx_word' id='word_1_113' title='bbox 1972 2167 2085 2241; x_wconf 84' lang='lat' dir='ltr'><strong>vix</strong></span> <span class='ocrx_word' id='word_1_114' title='bbox 2129 2167 2416 2267; x_wconf 89' lang='lat' dir='ltr'><strong>quidem</strong></span> <span class='ocrx_word' id='word_1_115' title='bbox 2459 2167 2695 2267; x_wconf 86' lang='lat' dir='ltr'><strong>attigit</strong></span> <span class='ocrx_word' id='word_1_116' title='bbox 2731 2176 2806 2243; x_wconf 94' lang='lat' dir='ltr'><strong>et</strong></span> <span class='ocrx_word' id='word_1_117' title='bbox 2834 2179 3244 2270; x_wconf 88' lang='lat' dir='ltr'><strong>conspectus</strong></span> <span class='ocrx_word' id='word_1_118' title='bbox 3282 2160 3650 2250; x_wconf 87' lang='lat' dir='ltr'><strong>historicus</strong></span> 
     </span>
     <span class='ocr_line' id='line_1_14' title="bbox 608 2284 3655 2390; baseline 0.002 -27"><span class='ocrx_word' id='word_1_119' title='bbox 608 2290 703 2363; x_wconf 90' lang='lat' dir='ltr'><strong>de</strong></span> <span class='ocrx_word' id='word_1_120' title='bbox 762 2288 1193 2364; x_wconf 90' lang='lat' dir='ltr'><strong>eruditorum</strong></span> <span class='ocrx_word' id='word_1_121' title='bbox 1256 2287 1345 2362; x_wconf 91' lang='lat' dir='ltr'><strong>de</strong></span> <span class='ocrx_word' id='word_1_122' title='bbox 1418 2287 1597 2363; x_wconf 89' lang='lat' dir='ltr'><strong>liene</strong></span> <span class='ocrx_word' id='word_1_123' title='bbox 1642 2284 2085 2386; x_wconf 89' lang='lat' dir='ltr'><strong>opinionibus</strong></span> <span class='ocrx_word' id='word_1_124' title='bbox 2130 2308 2380 2384; x_wconf 86' lang='lat' dir='ltr'><strong>parum</strong></span> <span class='ocrx_word' id='word_1_125' title='bbox 2427 2284 2820 2363; x_wconf 83' lang='lat' dir='ltr'><strong>elaboratus</strong></span> <span class='ocrx_word' id='word_1_126' title='bbox 2863 2297 3007 2379; x_wconf 90' lang='lat' dir='ltr'><strong>est;</strong></span> <span class='ocrx_word' id='word_1_127' title='bbox 3058 2292 3655 2390; x_wconf 83' lang='lat' dir='ltr'><strong>quemadmodum</strong></span> 
     </span>
     <span class='ocr_line' id='line_1_15' title="bbox 606 2404 3656 2514; baseline 0.001 -30"><span class='ocrx_word' id='word_1_128' title='bbox 606 2415 761 2485; x_wconf 86' lang='lat' dir='ltr'><strong>tota</strong></span> <span class='ocrx_word' id='word_1_129' title='bbox 817 2433 1053 2483; x_wconf 88' lang='lat' dir='ltr'><strong>rerum</strong></span> <span class='ocrx_word' id='word_1_130' title='bbox 1118 2407 1530 2483; x_wconf 85' lang='lat' dir='ltr'><strong>traditarum</strong></span> <span class='ocrx_word' id='word_1_131' title='bbox 1591 2406 1929 2508; x_wconf 83' lang='lat' dir='ltr'><strong>expositio</strong></span> <span class='ocrx_word' id='word_1_132' title='bbox 1992 2404 2159 2481; x_wconf 89' lang='lat' dir='ltr'><strong>satis</strong></span> <span class='ocrx_word' id='word_1_133' title='bbox 2220 2405 2390 2481; x_wconf 87' lang='lat' dir='ltr'><strong>levis</strong></span> <span class='ocrx_word' id='word_1_134' title='bbox 2455 2412 2564 2481; x_wconf 91' lang='lat' dir='ltr'><strong>est</strong></span> <span class='ocrx_word' id='word_1_135' title='bbox 2610 2406 2923 2486; x_wconf 85' lang='lat' dir='ltr'><strong>dicenda.</strong></span> <span class='ocrx_word' id='word_1_136' title='bbox 3005 2412 3198 2487; x_wconf 91' lang='lat' dir='ltr'><strong>Ordo</strong></span> <span class='ocrx_word' id='word_1_137' title='bbox 3253 2436 3394 2488; x_wconf 89' lang='lat' dir='ltr'><strong>non</strong></span> <span class='ocrx_word' id='word_1_138' title='bbox 3442 2423 3656 2514; x_wconf 83' lang='lat' dir='ltr'><strong>negat</strong></span> 
     </span>
     <span class='ocr_line' id='line_1_16' title="bbox 614 2526 3656 2626; baseline 0.002 -23"><span class='ocrx_word' id='word_1_139' title='bbox 614 2528 1029 2611; x_wconf 85' lang='lat' dir='ltr'><strong>observandi</strong></span> <span class='ocrx_word' id='word_1_140' title='bbox 1098 2528 1411 2605; x_wconf 87' lang='lat' dir='ltr'><strong>studium</strong></span> <span class='ocrx_word' id='word_1_141' title='bbox 1472 2537 1823 2605; x_wconf 80' lang='lat' dir='ltr'><strong>auctorem</strong></span> <span class='ocrx_word' id='word_1_142' title='bbox 1877 2526 2263 2604; x_wconf 77' lang='lat' dir='ltr'><strong>ostendisse</strong></span> <span class='ocrx_word' id='word_1_143' title='bbox 2278 2584 2299 2617; x_wconf 86' lang='lat'>‚</span> <span class='ocrx_word' id='word_1_144' title='bbox 2348 2550 2490 2601; x_wconf 91' lang='lat' dir='ltr'><strong>non</strong></span> <span class='ocrx_word' id='word_1_145' title='bbox 2529 2551 2811 2626; x_wconf 87' lang='lat' dir='ltr'><strong>prorsus</strong></span> <span class='ocrx_word' id='word_1_146' title='bbox 2853 2530 2919 2605; x_wconf 88' lang='lat' dir='ltr'><strong>ei</strong></span> <span class='ocrx_word' id='word_1_147' title='bbox 2962 2531 3200 2607; x_wconf 90' lang='lat' dir='ltr'><strong>deesse</strong></span> <span class='ocrx_word' id='word_1_148' title='bbox 3243 2532 3656 2610; x_wconf 84' lang='lat' dir='ltr'><strong>observandi</strong></span> 
     </span>
     <span class='ocr_line' id='line_1_17' title="bbox 612 2648 3654 2754; baseline 0.002 -30"><span class='ocrx_word' id='word_1_149' title='bbox 612 2656 837 2724; x_wconf 85' lang='lat' dir='ltr'><strong>artem</strong></span> <span class='ocrx_word' id='word_1_150' title='bbox 890 2656 961 2724; x_wconf 91' lang='lat' dir='ltr'><strong>et</strong></span> <span class='ocrx_word' id='word_1_151' title='bbox 1002 2648 1403 2725; x_wconf 80' lang='lat' dir='ltr'><strong>facultatem</strong></span> <span class='ocrx_word' id='word_1_152' title='bbox 1426 2707 1447 2740; x_wconf 93' lang='lat'><em>,</em></span> <span class='ocrx_word' id='word_1_153' title='bbox 1497 2650 1881 2727; x_wconf 87' lang='lat' dir='ltr'><strong>laudabiles</strong></span> <span class='ocrx_word' id='word_1_154' title='bbox 1928 2648 2101 2726; x_wconf 90' lang='lat' dir='ltr'><strong>adeo</strong></span> <span class='ocrx_word' id='word_1_155' title='bbox 2150 2648 2648 2725; x_wconf 86' lang='lat' dir='ltr'><strong>observationis</strong></span> <span class='ocrx_word' id='word_1_156' title='bbox 2697 2649 2968 2728; x_wconf 86' lang='lat' dir='ltr'><strong>fructus</strong></span> <span class='ocrx_word' id='word_1_157' title='bbox 3021 2677 3348 2754; x_wconf 88' lang='lat' dir='ltr'><strong>apparere</strong></span> <span class='ocrx_word' id='word_1_158' title='bbox 3399 2654 3476 2731; x_wconf 90' lang='lat' dir='ltr'><strong>in</strong></span> <span class='ocrx_word' id='word_1_159' title='bbox 3521 2656 3654 2731; x_wconf 89' lang='lat' dir='ltr'><strong>hoc</strong></span> 
     </span>
     <span class='ocr_line' id='line_1_18' title="bbox 612 2768 3659 2875; baseline 0.002 -32"><span class='ocrx_word' id='word_1_160' title='bbox 612 2776 941 2847; x_wconf 85' lang='lat' dir='ltr'><strong>tractatu.</strong></span> <span class='ocrx_word' id='word_1_161' title='bbox 1047 2768 1188 2844; x_wconf 90' lang='lat' dir='ltr'><strong>Sed</strong></span> <span class='ocrx_word' id='word_1_162' title='bbox 1255 2794 1477 2869; x_wconf 90' lang='lat' dir='ltr'><strong>quum</strong></span> <span class='ocrx_word' id='word_1_163' title='bbox 1543 2794 1783 2847; x_wconf 91' lang='lat' dir='ltr'><strong>omnes</strong></span> <span class='ocrx_word' id='word_1_164' title='bbox 1845 2769 2273 2869; x_wconf 86' lang='lat' dir='ltr'><strong>quaestionis</strong></span> <span class='ocrx_word' id='word_1_165' title='bbox 2334 2777 2568 2871; x_wconf 86' lang='lat' dir='ltr'><strong>partes</strong></span> <span class='ocrx_word' id='word_1_166' title='bbox 2627 2794 2770 2847; x_wconf 91' lang='lat' dir='ltr'><strong>non</strong></span> <span class='ocrx_word' id='word_1_167' title='bbox 2831 2773 3131 2873; x_wconf 87' lang='lat' dir='ltr'><strong>attingat</strong></span> <span class='ocrx_word' id='word_1_168' title='bbox 3149 2833 3170 2866; x_wconf 87' lang='lat'>‚</span> <span class='ocrx_word' id='word_1_169' title='bbox 3232 2774 3405 2875; x_wconf 90' lang='lat' dir='ltr'><strong>quin</strong></span> <span class='ocrx_word' id='word_1_170' title='bbox 3451 2773 3659 2875; x_wconf 87' lang='lat' dir='ltr'><strong>longe</strong></span> 
     </span>
     <span class='ocr_line' id='line_1_19' title="bbox 604 2889 3656 2993; baseline 0.001 -26"><span class='ocrx_word' id='word_1_171' title='bbox 604 2889 945 2991; x_wconf 86' lang='lat' dir='ltr'><strong>plurimas</strong></span> <span class='ocrx_word' id='word_1_172' title='bbox 1007 2890 1301 2967; x_wconf 88' lang='lat' dir='ltr'><strong>intactas</strong></span> <span class='ocrx_word' id='word_1_173' title='bbox 1363 2889 1743 2990; x_wconf 88' lang='lat' dir='ltr'><strong>relinquat,</strong></span> <span class='ocrx_word' id='word_1_174' title='bbox 1811 2890 2005 2967; x_wconf 89' lang='lat' dir='ltr'><strong>Ordo</strong></span> <span class='ocrx_word' id='word_1_175' title='bbox 2070 2890 2405 2967; x_wconf 89' lang='lat' dir='ltr'><strong>iudicavit</strong></span> <span class='ocrx_word' id='word_1_176' title='bbox 2449 2890 2581 2967; x_wconf 90' lang='lat' dir='ltr'><strong>hoc</strong></span> <span class='ocrx_word' id='word_1_177' title='bbox 2637 2915 3048 2992; x_wconf 87' lang='lat' dir='ltr'><strong>responsum</strong></span> <span class='ocrx_word' id='word_1_178' title='bbox 3110 2892 3344 2993; x_wconf 88' lang='lat' dir='ltr'><strong>aliquo</strong></span> <span class='ocrx_word' id='word_1_179' title='bbox 3396 2894 3656 2970; x_wconf 90' lang='lat' dir='ltr'><strong>honore</strong></span> 
     </span>
     <span class='ocr_line' id='line_1_20' title="bbox 602 3011 1906 3112; baseline 0 -22"><span class='ocrx_word' id='word_1_180' title='bbox 602 3037 753 3090; x_wconf 92' lang='lat' dir='ltr'><strong>non</strong></span> <span class='ocrx_word' id='word_1_181' title='bbox 798 3036 1001 3112; x_wconf 89' lang='lat' dir='ltr'><strong>posse</strong></span> <span class='ocrx_word' id='word_1_182' title='bbox 1050 3011 1299 3090; x_wconf 91' lang='lat' dir='ltr'><strong>ornari.</strong></span> <span class='ocrx_word' id='word_1_183' title='bbox 1895 3095 1906 3100; x_wconf 71' lang='grc'>,</span> 
     </span>
    </p>

    <p class='ocr_par' dir='ltr' id='par_1_6' title="bbox 608 3131 3658 4192">
     <span class='ocr_line' id='line_1_21' title="bbox 705 3131 3654 3235; baseline 0.001 -27"><span class='ocrx_word' id='word_1_184' title='bbox 705 3131 984 3209; x_wconf 88' lang='lat' dir='ltr'><strong>Placuit</strong></span> <span class='ocrx_word' id='word_1_185' title='bbox 1052 3157 1093 3208; x_wconf 92' lang='lat' dir='ltr'><strong>e</strong></span> <span class='ocrx_word' id='word_1_186' title='bbox 1150 3133 1436 3233; x_wconf 89' lang='lat' dir='ltr'><strong>reliquis</strong></span> <span class='ocrx_word' id='word_1_187' title='bbox 1502 3133 1729 3208; x_wconf 89' lang='lat' dir='ltr'><strong>tribus</strong></span> <span class='ocrx_word' id='word_1_188' title='bbox 1788 3133 2087 3209; x_wconf 86' lang='lat' dir='ltr'><strong>maxime</strong></span> <span class='ocrx_word' id='word_1_189' title='bbox 2133 3135 2479 3232; x_wconf 73' lang='lat' dir='ltr'><strong>primum.</strong></span> <span class='ocrx_word' id='word_1_190' title='bbox 2587 3133 2854 3207; x_wconf 86' lang='lat' dir='ltr'><strong>Auctor</strong></span> <span class='ocrx_word' id='word_1_191' title='bbox 2914 3132 3126 3208; x_wconf 86' lang='lat' dir='ltr'><strong>huius</strong></span> <span class='ocrx_word' id='word_1_192' title='bbox 3189 3135 3654 3235; x_wconf 87' lang='lat' dir='ltr'><strong>responsionis</strong></span> 
     </span>
     <span class='ocr_line' id='line_1_22' title="bbox 608 3251 3649 3356; baseline 0.001 -28"><span class='ocrx_word' id='word_1_193' title='bbox 608 3251 959 3352; x_wconf 86' lang='lat' dir='ltr'><strong>significat</strong></span> <span class='ocrx_word' id='word_1_194' title='bbox 991 3251 1066 3326; x_wconf 93' lang='lat' dir='ltr'><strong>in</strong></span> <span class='ocrx_word' id='word_1_195' title='bbox 1098 3251 1450 3352; x_wconf 91' lang='lat' dir='ltr'><strong>prooemio</strong></span> <span class='ocrx_word' id='word_1_196' title='bbox 1483 3276 1559 3327; x_wconf 89' lang='lat' dir='ltr'><strong>se</strong></span> <span class='ocrx_word' id='word_1_197' title='bbox 1596 3252 1694 3326; x_wconf 88' lang='lat' dir='ltr'><strong>sic</strong></span> <span class='ocrx_word' id='word_1_198' title='bbox 1727 3251 2157 3327; x_wconf 81' lang='lat' dir='ltr'><strong>existimasse</strong></span> <span class='ocrx_word' id='word_1_199' title='bbox 2193 3251 2533 3326; x_wconf 89' lang='lat' dir='ltr'><strong>Ordinem</strong></span> <span class='ocrx_word' id='word_1_200' title='bbox 2575 3252 2942 3352; x_wconf 84' lang='lat' dir='ltr'><strong>praecipue</strong></span> <span class='ocrx_word' id='word_1_201' title='bbox 2988 3253 3373 3331; x_wconf 88' lang='lat' dir='ltr'><strong>desiderare</strong></span> <span class='ocrx_word' id='word_1_202' title='bbox 3416 3256 3649 3356; x_wconf 91' lang='lat' dir='ltr'><strong>inqui-</strong></span> 
     </span>
     <span class='ocr_line' id='line_1_23' title="bbox 608 3368 3652 3473; baseline 0 -25"><span class='ocrx_word' id='word_1_203' title='bbox 608 3373 934 3448; x_wconf 87' lang='lat' dir='ltr'><strong>sitionem</strong></span> <span class='ocrx_word' id='word_1_204' title='bbox 996 3372 1341 3472; x_wconf 85' lang='lat' dir='ltr'><strong>propriam</strong></span> <span class='ocrx_word' id='word_1_205' title='bbox 1361 3430 1382 3461; x_wconf 89' lang='lat'><em>,</em></span> <span class='ocrx_word' id='word_1_206' title='bbox 1450 3371 1685 3448; x_wconf 87' lang='lat' dir='ltr'><strong>minus</strong></span> <span class='ocrx_word' id='word_1_207' title='bbox 1745 3368 2188 3445; x_wconf 87' lang='lat' dir='ltr'><strong>traditionem</strong></span> <span class='ocrx_word' id='word_1_208' title='bbox 2256 3391 2498 3443; x_wconf 88' lang='lat' dir='ltr'><strong>eorum</strong></span> <span class='ocrx_word' id='word_1_209' title='bbox 2561 3391 2740 3466; x_wconf 85' lang='lat' dir='ltr'><strong>quae</strong></span> <span class='ocrx_word' id='word_1_210' title='bbox 2800 3369 2889 3445; x_wconf 91' lang='lat' dir='ltr'><strong>ab</strong></span> <span class='ocrx_word' id='word_1_211' title='bbox 2967 3371 3120 3447; x_wconf 90' lang='lat' dir='ltr'><strong>aliis</strong></span> <span class='ocrx_word' id='word_1_212' title='bbox 3189 3380 3460 3473; x_wconf 87' lang='lat' dir='ltr'><strong>reperta</strong></span> <span class='ocrx_word' id='word_1_213' title='bbox 3526 3383 3652 3449; x_wconf 92' lang='lat' dir='ltr'><strong>aut</strong></span> 
     </span>
     <span class='ocr_line' id='line_1_24' title="bbox 608 3487 3646 3590; baseline 0.001 -22"><span class='ocrx_word' id='word_1_214' title='bbox 608 3493 809 3568; x_wconf 87' lang='lat' dir='ltr'><strong>libris</strong></span> <span class='ocrx_word' id='word_1_215' title='bbox 856 3492 1187 3568; x_wconf 87' lang='lat' dir='ltr'><strong>mandata</strong></span> <span class='ocrx_word' id='word_1_216' title='bbox 1234 3499 1419 3569; x_wconf 91' lang='lat' dir='ltr'><strong>sunt.</strong></span> <span class='ocrx_word' id='word_1_217' title='bbox 1518 3494 1769 3590; x_wconf 88' lang='lat' dir='ltr'><strong>Itaque</strong></span> <span class='ocrx_word' id='word_1_218' title='bbox 1814 3495 2260 3590; x_wconf 89' lang='lat' dir='ltr'><strong>conspectum</strong></span> <span class='ocrx_word' id='word_1_219' title='bbox 2294 3487 2702 3564; x_wconf 89' lang='lat' dir='ltr'><strong>historicum</strong></span> <span class='ocrx_word' id='word_1_220' title='bbox 2740 3491 3109 3589; x_wconf 83' lang='lat' dir='ltr'><strong>separatim</strong></span> <span class='ocrx_word' id='word_1_221' title='bbox 3148 3517 3290 3568; x_wconf 92' lang='lat' dir='ltr'><strong>non</strong></span> <span class='ocrx_word' id='word_1_222' title='bbox 3337 3493 3646 3571; x_wconf 87' lang='lat' dir='ltr'><strong>tradidit.</strong></span> 
     </span>
     <span class='ocr_line' id='line_1_25' title="bbox 608 3609 3652 3715; baseline 0.002 -26"><span class='ocrx_word' id='word_1_223' title='bbox 608 3615 769 3689; x_wconf 91' lang='lat' dir='ltr'><strong>Nec</strong></span> <span class='ocrx_word' id='word_1_224' title='bbox 814 3619 1051 3690; x_wconf 88' lang='lat' dir='ltr'><strong>tamen</strong></span> <span class='ocrx_word' id='word_1_225' title='bbox 1099 3614 1529 3714; x_wconf 77' lang='lat' dir='ltr'><strong>superiorum</strong></span> <span class='ocrx_word' id='word_1_226' title='bbox 1580 3613 1991 3712; x_wconf 85' lang='lat' dir='ltr'><strong>scriptorum</strong></span> <span class='ocrx_word' id='word_1_227' title='bbox 2031 3634 2239 3709; x_wconf 90' lang='lat' dir='ltr'><strong>opera</strong></span> <span class='ocrx_word' id='word_1_228' title='bbox 2285 3609 2633 3710; x_wconf 79' lang='lat' dir='ltr'><strong>neglexit3</strong></span> <span class='ocrx_word' id='word_1_229' title='bbox 2705 3611 2830 3686; x_wconf 91' lang='lat' dir='ltr'><strong>sed</strong></span> <span class='ocrx_word' id='word_1_230' title='bbox 2877 3613 3114 3688; x_wconf 88' lang='lat' dir='ltr'><strong>statim</strong></span> <span class='ocrx_word' id='word_1_231' title='bbox 3158 3622 3652 3715; x_wconf 84' lang='lat' dir='ltr'><strong>argumentum</strong></span> 
     </span>
     <span class='ocr_line' id='line_1_26' title="bbox 608 3730 3656 3833; baseline 0.001 -24"><span class='ocrx_word' id='word_1_232' title='bbox 608 3733 827 3810; x_wconf 91' lang='lat' dir='ltr'><strong>suum</strong></span> <span class='ocrx_word' id='word_1_233' title='bbox 896 3741 1191 3810; x_wconf 86' lang='lat' dir='ltr'><strong>tractare</strong></span> <span class='ocrx_word' id='word_1_234' title='bbox 1260 3734 1597 3833; x_wconf 88' lang='lat' dir='ltr'><strong>incipiens</strong></span> <span class='ocrx_word' id='word_1_235' title='bbox 1660 3732 1889 3807; x_wconf 89' lang='lat' dir='ltr'><strong>critice</strong></span> <span class='ocrx_word' id='word_1_236' title='bbox 1955 3739 2319 3806; x_wconf 85' lang='lat' dir='ltr'><strong>auctorum</strong></span> <span class='ocrx_word' id='word_1_237' title='bbox 2389 3730 2767 3807; x_wconf 88' lang='lat' dir='ltr'><strong>sententias</strong></span> <span class='ocrx_word' id='word_1_238' title='bbox 2829 3733 3221 3810; x_wconf 85' lang='lat' dir='ltr'><strong>considerat</strong></span> <span class='ocrx_word' id='word_1_239' title='bbox 3269 3745 3342 3811; x_wconf 89' lang='lat' dir='ltr'><strong>et</strong></span> <span class='ocrx_word' id='word_1_240' title='bbox 3388 3737 3656 3812; x_wconf 85' lang='lat' dir='ltr'><strong>fructus</strong></span> 
     </span>
     <span class='ocr_line' id='line_1_27' title="bbox 610 3851 3658 3953; baseline 0.001 -23"><span class='ocrx_word' id='word_1_241' title='bbox 610 3853 929 3930; x_wconf 87' lang='lat' dir='ltr'><strong>lectionis</strong></span> <span class='ocrx_word' id='word_1_242' title='bbox 998 3878 1163 3929; x_wconf 89' lang='lat' dir='ltr'><strong>cum</strong></span> <span class='ocrx_word' id='word_1_243' title='bbox 1234 3851 1727 3930; x_wconf 85' lang='lat' dir='ltr'><strong>observationis</strong></span> <span class='ocrx_word' id='word_1_244' title='bbox 1802 3852 2121 3953; x_wconf 88' lang='lat' dir='ltr'><strong>propriae</strong></span> <span class='ocrx_word' id='word_1_245' title='bbox 2197 3851 2544 3928; x_wconf 82' lang='lat' dir='ltr'><strong>fructibus</strong></span> <span class='ocrx_word' id='word_1_246' title='bbox 2623 3876 2765 3927; x_wconf 89' lang='lat' dir='ltr'><strong>una</strong></span> <span class='ocrx_word' id='word_1_247' title='bbox 2839 3856 3342 3946; x_wconf 87' lang='lat' dir='ltr'><strong>communicat,</strong></span> <span class='ocrx_word' id='word_1_248' title='bbox 3418 3857 3518 3933; x_wconf 86' lang='lat' dir='ltr'><strong>ita</strong></span> <span class='ocrx_word' id='word_1_249' title='bbox 3575 3866 3658 3933; x_wconf 89' lang='lat' dir='ltr'><strong>ut</strong></span> 
     </span>
     <span class='ocr_line' id='line_1_28' title="bbox 610 3971 3656 4077; baseline 0.001 -28"><span class='ocrx_word' id='word_1_250' title='bbox 610 3974 979 4050; x_wconf 88' lang='lat' dir='ltr'><strong>materiem</strong></span> <span class='ocrx_word' id='word_1_251' title='bbox 1041 3981 1113 4049; x_wconf 90' lang='lat' dir='ltr'><strong>et</strong></span> <span class='ocrx_word' id='word_1_252' title='bbox 1173 3981 1335 4073; x_wconf 88' lang='lat' dir='ltr'><strong>apte</strong></span> <span class='ocrx_word' id='word_1_253' title='bbox 1401 3974 1725 4074; x_wconf 89' lang='lat' dir='ltr'><strong>disponat</strong></span> <span class='ocrx_word' id='word_1_254' title='bbox 1778 3980 1851 4047; x_wconf 88' lang='lat' dir='ltr'><strong>et</strong></span> <span class='ocrx_word' id='word_1_255' title='bbox 1903 3971 2249 4048; x_wconf 85' lang='lat' dir='ltr'><strong>subtiliter</strong></span> <span class='ocrx_word' id='word_1_256' title='bbox 2287 3972 2622 4048; x_wconf 88' lang='lat' dir='ltr'><strong>diiudicet</strong></span> <span class='ocrx_word' id='word_1_257' title='bbox 2661 3981 2732 4048; x_wconf 88' lang='lat' dir='ltr'><strong>et</strong></span> <span class='ocrx_word' id='word_1_258' title='bbox 2777 3973 2954 4052; x_wconf 90' lang='lat' dir='ltr'><strong>nihil</strong></span> <span class='ocrx_word' id='word_1_259' title='bbox 2993 3976 3304 4077; x_wconf 86' lang='lat' dir='ltr'><strong>negligat</strong></span> <span class='ocrx_word' id='word_1_260' title='bbox 3345 3985 3419 4052; x_wconf 88' lang='lat' dir='ltr'><strong>et</strong></span> <span class='ocrx_word' id='word_1_261' title='bbox 3467 3981 3656 4054; x_wconf 86' lang='lat' dir='ltr'><strong>acuti</strong></span> 
     </span>
     <span class='ocr_line' id='line_1_29' title="bbox 608 4091 2920 4192; baseline 0.001 -24"><span class='ocrx_word' id='word_1_262' title='bbox 608 4091 883 4192; x_wconf 86' lang='lat' dir='ltr'><strong>ingenii</strong></span> <span class='ocrx_word' id='word_1_263' title='bbox 922 4099 993 4168; x_wconf 88' lang='lat' dir='ltr'><strong>et</strong></span> <span class='ocrx_word' id='word_1_264' title='bbox 1042 4093 1321 4168; x_wconf 83' lang='lat' dir='ltr'><strong>solertis</strong></span> <span class='ocrx_word' id='word_1_265' title='bbox 1359 4093 1735 4192; x_wconf 88' lang='lat' dir='ltr'><strong>specimina</strong></span> <span class='ocrx_word' id='word_1_266' title='bbox 1782 4092 2058 4192; x_wconf 88' lang='lat' dir='ltr'><strong>copiosa</strong></span> <span class='ocrx_word' id='word_1_267' title='bbox 2098 4093 2534 4167; x_wconf 86' lang='lat' dir='ltr'><strong>continenter</strong></span> <span class='ocrx_word' id='word_1_268' title='bbox 2575 4093 2920 4170; x_wconf 87' lang='lat' dir='ltr'><strong>exhibeat.</strong></span> 
     </span>
    </p>

    <p class='ocr_par' dir='ltr' id='par_1_7' title="bbox 610 4211 3695 4793">
     <span class='ocr_line' id='line_1_30' title="bbox 706 4211 3656 4316; baseline 0.001 -28"><span class='ocrx_word' id='word_1_269' title='bbox 706 4215 846 4288; x_wconf 89' lang='lat' dir='ltr'><strong>Per</strong></span> <span class='ocrx_word' id='word_1_270' title='bbox 898 4221 1127 4290; x_wconf 90' lang='lat' dir='ltr'><strong>totum</strong></span> <span class='ocrx_word' id='word_1_271' title='bbox 1186 4239 1473 4290; x_wconf 90' lang='lat' dir='ltr'><strong>cursum</strong></span> <span class='ocrx_word' id='word_1_272' title='bbox 1510 4211 2015 4314; x_wconf 76' lang='lat' dir='ltr'><strong>disputationis</strong></span> <span class='ocrx_word' id='word_1_273' title='bbox 2076 4211 2301 4286; x_wconf 88' lang='lat' dir='ltr'><strong>elucet</strong></span> <span class='ocrx_word' id='word_1_274' title='bbox 2348 4211 2501 4286; x_wconf 90' lang='lat' dir='ltr'><strong>eius</strong></span> <span class='ocrx_word' id='word_1_275' title='bbox 2547 4212 2854 4312; x_wconf 86' lang='lat' dir='ltr'><strong>plurium</strong></span> <span class='ocrx_word' id='word_1_276' title='bbox 2901 4213 3368 4291; x_wconf 88' lang='lat' dir='ltr'><strong>doctrinarum</strong></span> <span class='ocrx_word' id='word_1_277' title='bbox 3408 4216 3656 4316; x_wconf 88' lang='lat' dir='ltr'><strong>peritia</strong></span> 
     </span>
     <span class='ocr_line' id='line_1_31' title="bbox 610 4330 3657 4432; baseline 0 -22"><span class='ocrx_word' id='word_1_278' title='bbox 610 4334 781 4410; x_wconf 87' lang='lat' dir='ltr'><strong>talis</strong></span> <span class='ocrx_word' id='word_1_279' title='bbox 844 4341 929 4409; x_wconf 92' lang='lat' dir='ltr'><strong>ut</strong></span> <span class='ocrx_word' id='word_1_280' title='bbox 992 4359 1135 4410; x_wconf 88' lang='lat' dir='ltr'><strong>non</strong></span> <span class='ocrx_word' id='word_1_281' title='bbox 1210 4359 1429 4410; x_wconf 89' lang='lat' dir='ltr'><strong>unum</strong></span> <span class='ocrx_word' id='word_1_282' title='bbox 1487 4334 1923 4432; x_wconf 87' lang='lat' dir='ltr'><strong>alterumque</strong></span> <span class='ocrx_word' id='word_1_283' title='bbox 1985 4357 2072 4407; x_wconf 87' lang='lat' dir='ltr'><strong>ex</strong></span> <span class='ocrx_word' id='word_1_284' title='bbox 2116 4330 2204 4406; x_wconf 86' lang='lat' dir='ltr'><strong>iis</strong></span> <span class='ocrx_word' id='word_1_285' title='bbox 2254 4331 2486 4408; x_wconf 90' lang='lat' dir='ltr'><strong>locum</strong></span> <span class='ocrx_word' id='word_1_286' title='bbox 2530 4333 2655 4408; x_wconf 86' lang='lat' dir='ltr'><strong>sed</strong></span> <span class='ocrx_word' id='word_1_287' title='bbox 2699 4357 2979 4410; x_wconf 90' lang='lat' dir='ltr'><strong>omnem</strong></span> <span class='ocrx_word' id='word_1_288' title='bbox 3023 4359 3265 4410; x_wconf 90' lang='lat' dir='ltr'><strong>earum</strong></span> <span class='ocrx_word' id='word_1_289' title='bbox 3311 4335 3657 4412; x_wconf 85' lang='lat' dir='ltr'><strong>ambitum</strong></span> 
     </span>
     <span class='ocr_line' id='line_1_32' title="bbox 614 4446 3695 4545; baseline 0 -15"><span class='ocrx_word' id='word_1_290' title='bbox 614 4471 701 4530; x_wconf 75' lang='lat' dir='ltr'><strong>se&#39;</strong></span> <span class='ocrx_word' id='word_1_291' title='bbox 741 4446 979 4530; x_wconf 88' lang='lat' dir='ltr'><strong>tenere</strong></span> <span class='ocrx_word' id='word_1_292' title='bbox 1026 4454 1367 4531; x_wconf 85' lang='lat' dir='ltr'><strong>ostendat.</strong></span> <span class='ocrx_word' id='word_1_293' title='bbox 1432 4452 1649 4533; x_wconf 84' lang='lat' dir='ltr'><strong>Quod</strong></span> <span class='ocrx_word' id='word_1_294' title='bbox 1690 4476 1854 4529; x_wconf 88' lang='lat' dir='ltr'><strong>sane</strong></span> <span class='ocrx_word' id='word_1_295' title='bbox 1894 4450 2147 4527; x_wconf 91' lang='lat' dir='ltr'><strong>Ordini</strong></span> <span class='ocrx_word' id='word_1_296' title='bbox 2177 4451 2490 4527; x_wconf 87' lang='lat' dir='ltr'><strong>constitit</strong></span> <span class='ocrx_word' id='word_1_297' title='bbox 2529 4453 2619 4527; x_wconf 91' lang='lat' dir='ltr'><strong>de</strong></span> <span class='ocrx_word' id='word_1_298' title='bbox 2654 4453 2806 4528; x_wconf 89' lang='lat' dir='ltr'><strong>eius</strong></span> <span class='ocrx_word' id='word_1_299' title='bbox 2828 4453 3136 4529; x_wconf 89' lang='lat' dir='ltr'><strong>chemiae</strong></span> <span class='ocrx_word' id='word_1_300' title='bbox 3156 4514 3179 4545; x_wconf 88' lang='lat'><em>,</em></span> <span class='ocrx_word' id='word_1_301' title='bbox 3228 4455 3613 4532; x_wconf 86' lang='lat' dir='ltr'><strong>anatomiae</strong></span> <span class='ocrx_word' id='word_1_302' title='bbox 3632 4515 3653 4545; x_wconf 91' lang='lat'>‚</span> <span class='ocrx_word' id='word_1_303' title='bbox 3678 4469 3695 4474; x_wconf 57' lang='lat'><strong><em>⁴</em></strong></span> 
     </span>
     <span class='ocr_line' id='line_1_33' title="bbox 612 4570 3657 4675; baseline 0 -26"><span class='ocrx_word' id='word_1_304' title='bbox 612 4572 1093 4674; x_wconf 82' lang='lat' dir='ltr'><strong>physiologiae</strong></span> <span class='ocrx_word' id='word_1_305' title='bbox 1114 4633 1135 4663; x_wconf 90' lang='lat'>‚</span> <span class='ocrx_word' id='word_1_306' title='bbox 1209 4573 1619 4674; x_wconf 86' lang='lat' dir='ltr'><strong>histologiae</strong></span> <span class='ocrx_word' id='word_1_307' title='bbox 1636 4631 1657 4662; x_wconf 88' lang='lat'><strong>,</strong></span> <span class='ocrx_word' id='word_1_308' title='bbox 1734 4570 2027 4649; x_wconf 85' lang='lat' dir='ltr'><strong>aliarum</strong></span> <span class='ocrx_word' id='word_1_309' title='bbox 2092 4573 2560 4648; x_wconf 85' lang='lat' dir='ltr'><strong>doctrinarum</strong></span> <span class='ocrx_word' id='word_1_310' title='bbox 2629 4574 3058 4650; x_wconf 76' lang='lat' dir='ltr'><strong>medicatum</strong></span> <span class='ocrx_word' id='word_1_311' title='bbox 3125 4574 3518 4675; x_wconf 87' lang='lat' dir='ltr'><strong>cognitione</strong></span> <span class='ocrx_word' id='word_1_312' title='bbox 3584 4583 3657 4652; x_wconf 88' lang='lat' dir='ltr'><strong>et</strong></span> 
     </span>
     <span class='ocr_line' id='line_1_34' title="bbox 611 4691 2797 4793; baseline 0.001 -25"><span class='ocrx_word' id='word_1_313' title='bbox 611 4692 1117 4770; x_wconf 88' lang='lat' dir='ltr'><strong>observationis</strong></span> <span class='ocrx_word' id='word_1_314' title='bbox 1166 4701 1315 4770; x_wconf 84' lang='lat' dir='ltr'><strong>arte</strong></span> <span class='ocrx_word' id='word_1_315' title='bbox 1359 4701 1435 4768; x_wconf 88' lang='lat' dir='ltr'><strong>et</strong></span> <span class='ocrx_word' id='word_1_316' title='bbox 1480 4717 1619 4770; x_wconf 87' lang='lat' dir='ltr'><strong>usu</strong></span> <span class='ocrx_word' id='word_1_317' title='bbox 1674 4717 1853 4793; x_wconf 88' lang='lat' dir='ltr'><strong>quae</strong></span> <span class='ocrx_word' id='word_1_318' title='bbox 1896 4692 1971 4767; x_wconf 89' lang='lat' dir='ltr'><strong>in</strong></span> <span class='ocrx_word' id='word_1_319' title='bbox 2018 4693 2167 4768; x_wconf 89' lang='lat' dir='ltr'><strong>eius</strong></span> <span class='ocrx_word' id='word_1_320' title='bbox 2216 4717 2422 4793; x_wconf 89' lang='lat' dir='ltr'><strong>opere</strong></span> <span class='ocrx_word' id='word_1_321' title='bbox 2469 4691 2797 4771; x_wconf 84' lang='lat' dir='ltr'><strong>eminent.</strong></span> 
     </span>
    </p>

    <p class='ocr_par' dir='ltr' id='par_1_8' title="bbox 716 4813 3658 4916">
     <span class='ocr_line' id='line_1_35' title="bbox 716 4813 3658 4916; baseline 0.001 -27"><span class='ocrx_word' id='word_1_322' title='bbox 716 4813 903 4890; x_wconf 81' lang='lat' dir='ltr'><strong>Tum</strong></span> <span class='ocrx_word' id='word_1_323' title='bbox 964 4814 1177 4892; x_wconf 87' lang='lat' dir='ltr'><strong>etiam</strong></span> <span class='ocrx_word' id='word_1_324' title='bbox 1238 4813 1493 4894; x_wconf 88' lang='lat' dir='ltr'><strong>Ordini</strong></span> <span class='ocrx_word' id='word_1_325' title='bbox 1550 4835 1969 4914; x_wconf 84' lang='lat' dir='ltr'><strong>magnopere</strong></span> <span class='ocrx_word' id='word_1_326' title='bbox 2029 4813 2294 4913; x_wconf 85' lang='lat' dir='ltr'><strong>placuit</strong></span> <span class='ocrx_word' id='word_1_327' title='bbox 2352 4813 2650 4893; x_wconf 87' lang='lat' dir='ltr'><strong>liberum</strong></span> <span class='ocrx_word' id='word_1_328' title='bbox 2717 4839 2858 4916; x_wconf 89' lang='lat' dir='ltr'><strong>quo</strong></span> <span class='ocrx_word' id='word_1_329' title='bbox 2917 4823 3158 4894; x_wconf 88' lang='lat' dir='ltr'><strong>auctor</strong></span> <span class='ocrx_word' id='word_1_330' title='bbox 3205 4815 3428 4892; x_wconf 84' lang='lat' dir='ltr'><strong>utitur</strong></span> <span class='ocrx_word' id='word_1_331' title='bbox 3475 4814 3658 4892; x_wconf 90' lang='lat' dir='ltr'><strong>iudi-</strong></span> 
     </span>
    </p>

    <p class='ocr_par' dir='ltr' id='par_1_9' title="bbox 3124 4937 3278 5013">
     <span class='ocr_line' id='line_1_36' title="bbox 3124 4937 3278 5013; baseline -0.006 0"><span class='ocrx_word' id='word_1_332' title='bbox 3124 4939 3218 5013; x_wconf 80' lang='lat'><strong>26</strong></span> <span class='ocrx_word' id='word_1_333' title='bbox 3233 4937 3278 5012; x_wconf 47' lang='grc' dir='ltr'><strong><em>ἕ</em></strong></span> 
     </span>
    </p>
   </div>
  </div>
 </body>
</html>
