4766 6034
1854 628 2414 699 ORATIO.
3531 629 3659 696 159

719 845 915 918 Mors
969 840 1100 917 tibi
1144 839 1281 917 fuit
1330 836 1670 916 terminus
1713 842 1961 943 longae
2010 838 2466 942 aegritudinis
2485 896 2506 929 ,
2557 861 2736 938 quae
2783 837 2931 938 jam
2977 859 3102 938 per
3145 837 3404 913 multos
3445 861 3662 912 annos

630 964 867 1038 amicis
916 963 1063 1038 tuis
1110 961 1642 1037 sollicitudinem
1685 961 2055 1062 injiciebat.
2156 962 2318 1036 Jam
2362 961 2640 1036 animus
2682 963 2886 1046 tuus,
2937 958 3139 1057 quasi
3185 959 3472 1034 carceris
3517 958 3663 1031 vin-

624 1081 797 1159 culis
856 1083 1189 1159 liberatus
1208 1140 1229 1172 ,
1294 1081 1565 1158 fruatur
1628 1083 1903 1184 puriore
1956 1083 2076 1158 illa
2135 1082 2489 1181 voluptate
2509 1139 2530 1170 ‚
2593 1103 2772 1180 quae
2821 1079 2966 1154 sola
3017 1087 3251 1154 mente
3297 1085 3405 1154 est
3447 1078 3664 1179 perci·

624 1203 911 1302 pianda!

722 1324 993 1424 Corpus
1040 1323 1459 1399 exstinctum
1504 1324 1727 1423 jacet,
1776 1324 1993 1400 animi
2042 1323 2145 1400 vis
2194 1323 2616 1424 sempiterna
2663 1321 2948 1422 vigebit.

719 1803 795 1876 Si
854 1826 1243 1877 moeremus
1299 1802 1609 1878 discessu
1670 1803 1943 1879 illorum
1966 1862 1986 1892 ,
2058 1803 2181 1903 qui
2229 1804 2459 1879 coetui
2501 1810 2738 1878 nostro
2791 1810 2958 1878 sunt
3011 1802 3231 1902 erepti
3249 1859 3269 1892 ‚
3321 1810 3425 1877 est
3479 1803 3668 1900 quod

624 1923 956 1998 laetemur
1018 1921 1493 1998 incolumitate
1557 1931 1665 1997 tot
1731 1925 2237 2023 praestantium
2311 1924 2614 1998 virorum
2636 1982 2655 2012 ‚
2729 1923 2853 2022 qui
2919 1921 3264 1997 indefessa
3325 1921 3668 1997 industria

620 2043 1035 2118 Academiae
1102 2051 1172 2117 et
1240 2042 1500 2117 altioris
1555 2043 2015 2119 institutionis
2072 2043 2456 2120 commodis
2524 2041 2928 2118 inserviunt.
3029 2043 3246 2118 Juvat
3303 2066 3418 2117 me
3471 2066 3667 2141 prae·

622 2170 849 2238 sentes
914 2161 1027 2237 hic
1088 2163 1441 2262 adspicere
1504 2169 1765 2238 ceteros
1837 2164 2135 2264 collegas
2152 2221 2172 2254 ‚
2238 2163 2499 2262 quibus
2554 2187 2696 2238 non
2756 2187 3044 2263 possum
3104 2185 3244 2237 non
3299 2187 3386 2236 ex
3435 2161 3668 2237 animo

622 2283 953 2384 gratulari
1000 2291 1069 2358 et
1114 2283 1299 2357 bona
1342 2283 1575 2358 omnia
1614 2283 1895 2384 precari.
1997 2281 2219 2359 Vobis
2260 2283 2416 2358 dico
2438 2342 2459 2373 ‚
2508 2283 2868 2359 clarissimi
2921 2282 3112 2370 Viri,
3165 2281 3410 2356 decora
3457 2283 3668 2383 hujus

619 2403 1035 2478 Academiae
1055 2461 1075 2491 ,
1126 2403 1248 2502 qui
1298 2427 1577 2502 operam
1620 2405 1885 2480 navatis
1906 2463 1927 2494 ‚
1977 2413 2057 2478 ut
2100 2404 2361 2503 patrios
2408 2428 2632 2479 mores
2677 2409 2749 2478 et
2790 2403 3110 2478 nativum
3150 2402 3351 2476 illum
3393 2409 3668 2478 nostrae

624 2523 851 2621 gentis
904 2547 1185 2598 sensum
1206 2580 1226 2610 ,
1276 2547 1582 2597 amorem
1624 2523 1780 2599 dico
1825 2524 2086 2600 ordinis
2126 2532 2199 2598 et
2242 2507 2696 2600 reverentiam
2734 2523 2908 2624 legis
2928 2581 2948 2612 ,
3000 2529 3395 2598 constanter
3433 2523 3666 2611 alatis;

627 2643 749 2741 qui
817 2665 1059 2717 omnes
1130 2642 1395 2742 ingenii
1456 2643 1634 2717 vires
1694 2643 2056 2720 intenditis
2121 2643 2213 2720 ad
2267 2643 2710 2744 juventutem
2780 2642 2948 2719 boni
3009 2643 3374 2743 pulcrique
3437 2667 3669 2718 amore

630 2764 1119 2851 imbuendam3
1186 2764 1307 2862 qui
1357 2765 1641 2839 scientia
1684 2770 1910 2838 vestra
1955 2762 2235 2838 utimini
2276 2769 2359 2837 ut
2400 2762 2856 2838 humanitatis
2909 2770 2982 2837 et
3031 2761 3382 2838 doctrinae
3430 2762 3552 2836 lux
3594 2762 3667 2836 in

630 2884 776 2958 dies
844 2884 1052 2958 latius
1120 2883 1585 2972 diffundatur3
1660 2884 1783 2983 qui
1845 2909 1973 2983 pro
2034 2883 2309 2959 Patriae
2376 2883 2599 2958 salute
2669 2891 2740 2957 et
2798 2907 2926 2982 pro
2983 2881 3196 2983 hujus
3251 2882 3670 2958 Academiae

624 3005 835 3079 laude
884 3003 1231 3080 constanti
1279 3028 1446 3081 cura
1493 3003 1815 3105 vigilatis,
1916 3064 1924 3067 -

716 3125 983 3200 Felices
1058 3148 1181 3199 vos
1250 3124 1440 3213 dice,
1514 3125 1602 3199 de
1664 3124 1924 3224 quibus
1980 3120 2145 3200 talia
2206 3130 2502 3223 possunt
2568 3120 2985 3222 praedicari3
3061 3122 3328 3197 felicem
3389 3146 3668 3221 quoque

616 3270 768 3334 me,
816 3246 933 3321 cui
981 3246 1273 3346 contigit
1322 3244 1583 3320 talibus
1635 3246 1743 3321 uti
1798 3244 2118 3343 collegis,
2168 3268 2466 3343 quorum
2516 3243 2852 3343 sapientia
2899 3251 2972 3319 et
3014 3243 3436 3344 experientia
3477 3267 3669 3319 meos

618 3364 1157 3465 qualescumque
1225 3373 1513 3441 conatus
1589 3389 1715 3465 pro
1792 3363 2062 3441 tuenda
2136 3362 2556 3439 Academiae
2637 3363 2856 3463 gloria
2930 3362 3143 3439 fultos
3213 3388 3363 3439 esse
3429 3371 3669 3465 gratus

616 3508 937 3584 agnosco.

714 3605 993 3680 Gratias
1054 3605 1327 3703 agimus
1390 3605 1544 3680 Deo
1606 3604 1895 3707 Optimo
1913 3664 1933 3694 ,
2001 3604 2191 3704 quod
2254 3603 2434 3680 vitae
2483 3610 2751 3680 vestrae
2799 3606 3108 3705 pepercit
3151 3607 3624 3707 concessitque
3645 3666 3665 3699 ,

618 3731 697 3799 ut
764 3724 1057 3824 integris
1124 3725 1424 3824 corporis
1484 3726 1840 3823 animique
1909 3725 2169 3800 viribus
2236 3746 2523 3798 munere
2571 3730 2799 3800 vestro
2846 3736 3124 3802 strenue
3169 3726 3372 3827 fungi
3417 3734 3662 3828 potue·

616 3844 765 3918 ritis
783 3902 803 3932 ,
854 3853 1067 3943 atque
1108 3868 1345 3919 cavere
1392 3851 1473 3943 ut
1517 3845 1685 3921 haec
1739 3846 2119 3921 Academia
2161 3840 2532 3944 praeterito
2587 3870 2770 3921 anno
2820 3848 3190 3936 manserit,
3241 3847 3466 3947 qualis
3515 3874 3660 3923 om·

616 3964 815 4039 nium
861 3964 1398 4064 intelligentium
1441 3966 1705 4064 judicio
1751 3956 2189 4067 praedicatur
2207 4024 2228 4056 ,
2278 3967 2520 4042 lumen
2570 3967 2853 4067 patriae.

716 4084 1007 4159 Utinam
1048 4093 1121 4159 et
1163 4085 1237 4159 in
1283 4094 1639 4185 posterum
1692 4088 1887 4163 Deus
1944 4112 2065 4163 vos
2120 4094 2344 4162 servet
2399 4094 2472 4161 et
2523 4086 2801 4175 fulciat,
2853 4094 2934 4161 ut
2971 4085 3316 4162 indefesso
3359 4094 3430 4161 et
3454 4088 3660 4163 alacri

620 4203 851 4278 animo
921 4228 1199 4303 operam
1266 4206 1428 4281 dare
1486 4204 1767 4306 possitis
1822 4208 2047 4282 altiori
2104 4207 2207 4283 illi
2262 4207 2518 4281 artium
2573 4205 3180 4306 doctrinarumque
3222 4196 3481 4294 cultui,
3535 4208 3660 4305 qui

618 4322 927 4399 humana
990 4348 1152 4399 cum
1212 4325 1462 4401 divinis
1527 4327 1993 4427 conjungens,
2070 4352 2279 4428 supra
2324 4320 2614 4401 'terrena
2687 4348 2816 4401 nos
2883 4326 3126 4426 erigit,
3193 4327 3284 4400 ad
3338 4324 3658 4400 coelestia

620 4435 869 4518 evehit.
975 4444 1135 4519 Hoc
1182 4455 1289 4521 est
1335 4446 1510 4522 illud
1532 4506 1553 4537 ‚
1603 4472 1743 4547 quo
1792 4450 1991 4525 altior
2036 4446 2386 4524 institutio
2430 4446 2674 4522 tendit.

720 4684 866 4757 Uni
937 4693 1241 4761 vestrum
1298 4711 1337 4761 e
1391 4687 1566 4787 legis
1624 4690 2042 4789 praescripto
2092 4686 2544 4763 honorificum
2582 4687 2804 4762 otium
2853 4687 3282 4789 assignatum
3337 4696 3464 4766 est.
3562 4691 3657 4764 Et

628 4804 785 4901 quis
830 4804 1007 4880 illud
1048 4806 1270 4881 otium
1320 4808 1579 4907 majore
1624 4808 1780 4907 jure
1832 4808 1965 4884 sibi
2010 4809 2355 4885 vindicare
2400 4814 2704 4909 poterat,
2755 4832 2967 4908 quam
3007 4808 3118 4885 Tu
3136 4868 3156 4901 ‚
3203 4808 3654 4885 Praestantis-
