4766 6034
1258 629 1394 699 134
2405 627 3160 695 B.1·nHAAR

1260 835 1523 912 Christi
1568 837 1659 912 ad
1706 835 2091 936 Religionis
2146 836 2583 912 Christianae
2620 835 2994 934 practicam
3037 833 3346 910 indolem
3383 836 3608 911 multo
3649 837 3884 912 minus
3924 842 4222 916 attendisse

1213 1048 1221 1057 ,
1259 983 1471 1057 quam
1536 957 1747 1031 huius
1806 956 2192 1056 Religionis
2241 957 2548 1058 dignitas
2597 957 2902 1057 postulet
2951 965 3024 1031 et
3063 957 3246 1032 vitae
3290 958 3477 1033 salus
3527 957 3781 1058 exigat.
3883 961 4058 1039 Quid
4093 965 4220 1038 refe·

1254 1103 1405 1154 ram
1469 1079 1961 1154 Gnosticorum
2024 1079 2097 1153 in
2155 1078 2442 1153 Oriente
2488 1079 2625 1153 late
2675 1103 2946 1177 sparsas
2988 1077 3287 1153 familias
3303 1079 3340 1151 Ρ
3405 1077 3975 1154 Manichaeorum
4012 1083 4222 1156 Aeones

1255 1207 1327 1275 et
1360 1199 1803 1276 Pleromata'P
1874 1198 2536 1302 Neoplatonicorum
2587 1199 2849 1274 Christi
2893 1200 3275 1275 doctrinam
3313 1197 3531 1274 veluti
3573 1200 3646 1274 in
3695 1201 4060 1276 Procrustis
4093 1205 4224 1279 lecto

1252 1319 1345 1394 ad
1412 1343 1609 1394 suam
1686 1319 2205 1420 Philosophiam
2273 1320 2652 1420 adaptandi
2721 1329 2792 1395 et
2861 1320 3240 1418 torquendi
3319 1319 3682 1396 conamina
3697 1322 3732 1394 P
3815 1323 4006 1396 Num
4065 1330 4222 1397 testes

1256 1440 1585 1516 advocem
1654 1441 2311 1517 Monarchianorum
2330 1498 2349 1529 ,
2411 1441 2832 1516 Arianorum
2854 1499 2874 1530 ‚
2937 1439 3587 1540 Apollinaristarum
3607 1500 3627 1529 ‚
3685 1441 4221 1530 Nestorianorum,

1214 1571 1219 1578 ’
1254 1562 1911 1661 Monophysitarum
1940 1563 2123 1637 rixas
2138 1622 2159 1652 ,
2211 1585 2392 1661 quae
2437 1561 2928 1637 Muhammedi
2971 1561 3243 1636 facilem
3285 1560 3357 1634 in
3397 1560 3682 1636 Oriente
3720 1569 4040 1659 pararunt
4067 1563 4222 1636 victo·

1253 1682 1481 1757 riam?
1544 1683 1744 1758 Num
1788 1693 2085 1758 moestas
2130 1707 2458 1757 renovem
2507 1682 2820 1782 querelas
2863 1683 2951 1757 de
2993 1681 3237 1756 litibus
3279 1681 3662 1770 acerrimis,
3711 1689 3872 1781 post
3913 1683 4224 1757 instaurata

1260 1827 1453 1879 sacra
1504 1802 1686 1878 inter
1748 1805 2294 1880 Protestantium
2346 1803 2646 1879 familias
2697 1805 2928 1879 denuo
2969 1802 3222 1878 exortis
3244 1861 3265 1892 ,
3334 1827 3512 1901 quae
3559 1802 3998 1878 laetissimam
4039 1802 4224 1876 Refor-

1180 1955 1191 1964 ·
1250 1924 1577 1998 mationis
1618 1932 1923 2024 segetem
1966 1927 2375 2000 vastarunt?
2447 1925 2548 2000 At
2591 1926 2825 2001 taedet
2870 1925 3040 2000 haec
3091 1925 3168 1999 in
3221 1923 3625 1998 memoriam
3671 1948 4005 2011 revocare,
4064 1929 4224 2020 atque

1250 2069 1333 2118 eo
1398 2046 1624 2146 magis
1702 2047 1811 2121 his
1854 2046 2299 2147 supersedere
2344 2045 2506 2120 licet
2523 2105 2544 2135 ,
2611 2071 2774 2121 cum
2823 2046 3266 2122 Clarissimus
3317 2043 3624 2119 Krs'rrns
3680 2052 3844 2119 ante
3893 2044 4225 2128 biennium,

1249 2190 1472 2264 quum
1539 2166 1893 2266 regundae
1914 2163 1931 2180 ‘
1957 2167 2319 2242 Leidensis
2383 2166 2803 2242 Academiae
2871 2192 3130 2243 munus
3207 2167 3463 2241 iterum
3519 2171 3848 2263 poneret,
3915 2163 4228 2262 Religionis

1247 2286 1679 2362 Christianae
1736 2287 2042 2362 indolem
2114 2288 2490 2387 practicam
2553 2288 2734 2363 male
2806 2313 2888 2362 ac
2957 2288 3262 2362 multum
3313 2309 3462 2359 esse
3510 2285 3898 2384 neglectam
3918 2345 3937 2373 ,
3991 2309 4108 2384 qua
4149 2293 4224 2358 est

1246 2406 1619 2506 sagacitate
1690 2415 1762 2483 et
1827 2408 2178 2484 doctrinae
2241 2408 2559 2484 ubertate
2580 2468 2601 2499 ,
2665 2408 2740 2483 in
2793 2409 3000 2484 variis
3049 2407 3402 2482 Historiae
3459 2407 3762 2505 periodis
3813 2406 4019 2482 veluti
4059 2404 4228 2503 digito

1244 2528 1746 2602 monstraverit.
2258 2607 2279 2616 ,

1336 2648 1538 2722 Nihil
1595 2657 1833 2722 tamen
1895 2648 2163 2724 iuvaret
2240 2651 2504 2750 optime
2575 2649 2746 2724 scire
2768 2707 2790 2738 ,
2866 2673 3323 2748 quaecunque
3390 2649 3464 2723 in
3539 2648 3855 2724 Historia
3909 2649 4071 2723 bene
4125 2647 4224 2719 sint

1242 2773 1441 2865 gesta
1510 2768 1621 2843 vel
1682 2769 1929 2843 merito
1990 2769 2065 2844 in
2110 2777 2422 2846 nostram
2469 2768 3074 2870 reprehensionem
3121 2770 3512 2858 incurrant,
3559 2769 3698 2843 nisi
3751 2769 3957 2844 huius
3989 2768 4077 2842 rei
4107 2791 4226 2864 eog-

1238 2887 1411 2963 nitio
1431 2945 1451 2978 ,
1498 2889 1575 2963 in
1620 2890 1955 2989 practicos
2002 2915 2173 2966 usus
2216 2915 2544 2968 conversa
2568 2951 2589 2980 ,
2633 2891 2725 2966 ad
2751 2915 2950 2965 verae
2991 2889 3366 2990 sapientiae
3405 2891 3822 2988 virtutisque
3859 2888 4226 2990 disciplinam

1234 3009 1589 3085 referatur.
1691 3010 2003 3087 Historia
2063 3038 2221 3088 vere
2264 3040 2307 3089 a
2355 3014 2690 3091 Cicerone
2733 3013 2854 3087 lure
2903 3013 3222 3088 veritatis
3267 3010 3522 3087 dicitur
3539 3071 3559 3101 ,
3613 3011 3737 3086 sed
3777 3037 3932 3087 eam
3973 3037 4052 3086 ex
4087 3009 4224 3083 eius·

1234 3130 1396 3206 dem
1446 3131 1789 3207 sententia
1828 3136 2221 3233 mayistram
2263 3138 2450 3210 vitae
2491 3158 2642 3209 esse
2679 3133 2902 3233 probe
2945 3133 3322 3207 tenendum
3372 3139 3499 3209 est.
3599 3134 3740 3220 At,
3793 3133 3854 3206 si
3883 3132 4028 3232 quis
4056 3130 4221 3213 alius,

1228 3251 1320 3326 ad
1386 3251 1517 3326 hoc
1586 3254 1899 3327 attendet
1959 3254 2359 3354 quicunque
2427 3254 2794 3353 utriusque
2861 3253 3079 3343 studii
3145 3260 3332 3328 arcte
3395 3252 3748 3329 coniuncti
3825 3253 3972 3351 pari
4041 3270 4220 3326 amore

1228 3372 1463 3460 ardet,
1530 3396 1765 3471 neque
1832 3372 1943 3447 hic
2010 3381 2171 3448 ante
2234 3374 2309 3447 in
2366 3373 2728 3449 tractanda
2791 3373 3027 3448 aliisve
3087 3374 3426 3449 tradenda
3489 3373 3807 3449 Historia
3881 3374 4044 3447 bene
4098 3392 4218 3443 suas

1229 3498 1458 3588 partes
1524 3517 1597 3565 se
1668 3492 1965 3591 gessisse
2026 3494 2161 3567 sibi
2213 3493 2700 3593 persuadebit,
2767 3518 2981 3593 quam
3027 3501 3099 3568 et
3148 3494 3298 3593 ipse
3344 3494 3908 3569 animadverterit
3961 3498 4024 3567 et
4059 3488 4214 3564 disci·

1225 3609 1550 3708 pulcrum
1613 3637 1895 3686 suorum
1956 3614 2206 3689 animis
2266 3613 2755 3703 inculcaverit,
2823 3639 3172 3714 quaenam
3227 3615 3392 3690 inde
3434 3620 3802 3715 praecepta
3851 3620 3922 3689 et
3961 3611 4130 3687 nobis
4163 3614 4214 3680 et

1224 3730 1559 3829 tempori,
1628 3733 1819 3829 quod
1888 3734 2223 3822 vivimus,
2293 3735 2434 3809 sint
2485 3734 2898 3824 derivanda3
2962 3734 3250 3834 quinam
3297 3735 3462 3809 inde
3509 3735 3601 3811 ad
3646 3735 3865 3810 vitam
3915 3752 4212 3827 moresque

1222 3849 1574 3948 regundos
1631 3858 1841 3949 atque
1913 3853 2385 3928 emendandos
2451 3853 2827 3954 colligendi
2889 3854 3030 3929 sint
3078 3854 3368 3932 fructus.
3469 3856 3626 3931 Hac
3675 3855 3940 3931 ratione
3983 3856 4210 3930 tractata

1225 3967 1575 4043 societatis
1596 3968 2029 4047 Christianae
2053 3972 2369 4047 Historia
2395 4016 2494 4031 -
2523 3974 2715 4073 quod
2739 3973 2949 4049 etiam
2987 3975 3061 4049 in
3095 4000 3216 4074 spe
3258 4002 3338 4051 ac
3379 3976 3555 4050 votis
3591 3975 3842 4050 habuit
3871 3976 4206 4052 Nurum,

1225 4112 1447 4187 quum
1502 4089 1818 4164 eiusdem
1858 4091 2210 4167 Historiae
2260 4093 2794 4169 conscribendae
2841 4094 3206 4199 consilium
3252 4097 3485 4170 animo
3531 4096 3921 4195 conciperet
3945 4136 4026 4153 --
4045 4092 4204 4187 expe·

1221 4209 1509 4283 rientiae
1556 4234 1635 4284 ac
1690 4210 1965 4310 pietatis
2012 4212 2447 4288 Christianae
2501 4214 2630 4287 erit
2671 4214 2936 4313 optima
2985 4215 3216 4290 schola
3236 4276 3256 4303 ,
3323 4218 3511 4292 unde
3557 4217 3911 4315 egregiam
3950 4221 4204 4315 petamus

1224 4328 1656 4428 disciplinam
1708 4331 1888 4405 bene
1946 4331 2286 4433 beateque
2331 4334 2630 4408 vivendi.
2736 4335 2851 4409 Sic
2905 4334 3192 4410 demum
3242 4338 3485 4412 eadem
3530 4338 3881 4428 Historia,
3930 4356 4114 4433 aeque
4143 4354 4202 4402 8⁰

1222 4443 1595 4549 Theologia
1653 4452 1939 4528 Moralis
1959 4511 1979 4542 ‚
2042 4477 2199 4529 vere
2266 4453 2406 4529 dici
2456 4455 2712 4553 poterit
2767 4459 2952 4531 vitae
3007 4460 3092 4529 CA
3103 4460 3438 4533 ristianae
3483 4461 3814 4559 mayistra
3857 4472 4202 4549 morumque

1224 4569 1659 4645 moderatrix
3265 4592 3278 4601 '

1324 4688 1479 4761 Iam
1550 4689 1761 4763 semel
1832 4697 2041 4790 atque
2109 4692 2364 4769 iterum
2428 4696 2769 4771 Auensn
2835 4696 3192 4771 NnAnnar
3256 4723 3513 4774 nomen
3580 4700 3742 4775 huic
3799 4694 4060 4774 orationi
4113 4691 4196 4761 in-

1228 4806 1460 4897 texui,
1524 4816 1595 4882 et
1654 4808 1827 4884 mihi
1896 4820 2275 4912 temperare
2330 4838 2471 4890 non
2523 4838 2810 4914 possum
2829 4874 2849 4907 ,
2917 4818 3090 4915 quin
3150 4820 3567 4896 immortalia
3609 4822 3758 4896 eius
3801 4817 4024 4895 merita
4053 4809 4194 4887 cele-
