4766 6034
1076 1618 1526 1683 AUDITOBES
1566 1618 2154 1686 SPEOTA'I'ISSIMI
2191 1620 2830 1685 EXOPTATISSIMIl

787 2116 1055 2224 Artem
1101 2147 1442 2223 medicam
1463 2206 1484 2238 ‚
1533 2174 1622 2225 ex
1663 2175 1802 2250 quo
1849 2174 2100 2226 novam
2142 2150 2340 2249 sequi
2376 2150 2715 2227 rationem
2763 2176 3079 2253 novoque
3127 2158 3199 2229 et
3236 2152 3587 2255 incognito

545 2278 746 2347 antea
789 2295 1035 2372 campo
1085 2292 1440 2345 excurrere
1489 2280 1597 2345 est
1641 2272 1878 2360 docta,
1941 2294 2358 2370 magnopere
2405 2277 2795 2369 promotam
2813 2331 2834 2365 ,
2885 2279 3162 2350 auctam
3210 2275 3585 2375 amplifica-

543 2399 828 2493 tamque
880 2416 1030 2467 esse
1048 2450 1069 2479 ,
1120 2414 1342 2489 quum
1384 2415 1590 2467 nemo
1627 2391 1716 2467 sit
1736 2451 1756 2482 ,
1807 2392 1978 2492 quin
2020 2415 2274 2491 magno
2315 2415 2433 2465 ore
2479 2400 2847 2491 agnoscat,
2893 2392 3309 2492 compluries
3350 2400 3587 2471 tamen

543 2512 774 2589 eidem
809 2511 977 2587 vitio
1021 2518 1129 2587 est
1176 2535 1452 2589 versum
1472 2570 1492 2601 ‚
1543 2512 1734 2612 quod
1779 2514 1870 2589 ad
1911 2512 2265 2613 proprium
2281 2561 2304 2591 ‚
2367 2510 2567 2586 cuius
2622 2536 2832 2587 causa
2879 2520 3277 2590 exerceatur
3292 2574 3314 2604 ,
3373 2516 3589 2591 finem

537 2632 826 2733 propius
891 2630 1216 2708 accedere
1279 2656 1419 2707 non
1479 2633 1804 2732 potuerit.
1924 2632 2448 2733 Diagnosticam
2510 2630 2795 2730 quidem
2848 2631 3171 2733 physicae
3196 2692 3217 2723 ,
3280 2633 3589 2711 chemiae

538 2762 606 2828 et
671 2753 1068 2830 anatomiae
1133 2777 1264 2853 ope
1331 2752 1634 2831 inuisam
1699 2755 1922 2831 multo
1986 2755 2294 2831 fatentur
2354 2753 2497 2829 iam
2558 2752 2979 2829 firmioribus
3041 2761 3587 2854 super-structam

537 2899 682 2951 esse
737 2873 1220 2951 fundamentis
1241 2932 1262 2963 ,
1333 2897 1546 2972 quam
1609 2874 1868 2974 quibus
1927 2873 2397 2973 superioribus
2456 2872 2746 2949 saeculis
2796 2873 3025 2949 fulciri
3061 2876 3407 2974 potuerit,
3457 2900 3587 2953 nec

533 3002 773 3074 tamen
843 2994 1226 3095 therapiam
1293 2994 1714 3072 celeritatem
1737 3056 1756 3086 ,
1836 3021 1978 3097 qua
2042 2994 2161 3071 illa
2226 2992 2675 3095 processerit,
2752 2992 3061 3092 potuisse
3116 2995 3586 3095 aequiparare.

535 3116 947 3192 Convicium
994 3139 1204 3215 supra
1241 3115 1602 3192 veritatem
1641 3123 1930 3192 auctum
1973 3141 2124 3192 esse
2160 3139 2382 3215 quum
2431 3113 2919 3215 unusquisque
2959 3115 3061 3212 rei
3102 3115 3384 3215 peritior
3424 3141 3587 3193 con-

535 3238 821 3313 tendere
889 3260 1030 3311 non
1102 3235 1490 3325 dubitabit,
1563 3235 1753 3312 idem
1822 3237 2105 3313 omnino
2172 3237 2418 3312 fictum
2483 3233 3179 3335 commentitiamque
3252 3259 3403 3311 esse
3473 3235 3591 3312 vix

534 3355 829 3432 audebit
867 3354 1302 3432 contendere.
1378 3355 1479 3430 At
1513 3353 1818 3431 medicos
1837 3413 1858 3444 ,
1895 3379 2035 3430 non
2077 3354 2420 3432 medicam
2461 3360 2683 3430 artem
2703 3414 2723 3445 ‚
2766 3355 3201 3434 censendum
3230 3363 3339 3432 est
3375 3355 3586 3433 istam

531 3476 1139 3576 reprehensionem
1193 3476 1476 3551 meritos
1537 3501 1688 3551 esse
1707 3535 1726 3564 ‚
1791 3499 2020 3575 neque
2083 3476 2217 3552 arti
2283 3476 2784 3577 imputandum
2831 3475 3025 3577 quod
3074 3476 3368 3553 artifices
3414 3476 3589 3551 deli-

533 3603 863 3696 querunt.
965 3599 1208 3676 Quum
1255 3597 1439 3672 enim
1485 3621 1568 3671 ea
1606 3597 1916 3673 medicae
1959 3596 2126 3672 artis
2169 3621 2328 3696 pars
2348 3655 2369 3689 ,
2429 3620 2643 3696 quam
2685 3596 3072 3698 therapiam
3115 3597 3545 3699 appellamus
3566 3655 3589 3687 ‚

533 3742 766 3818 neque
826 3716 1258 3817 temporibus
1325 3724 1560 3792 nostra
1607 3722 1832 3792 aetate
1879 3716 2346 3816 superioribus
2369 3775 2391 3809 ,
2443 3739 2669 3817 neque
2728 3716 2884 3817 ipso
2935 3725 3173 3794 nostro
3224 3743 3366 3819 quo
3416 3717 3583 3794 vivi-

534 3864 694 3914 mus
747 3846 1057 3939 tempore
1078 3897 1099 3929 ‚
1149 3862 1231 3914 eo
1271 3838 1700 3938 pervenerit,
1749 3845 1831 3913 ut
1869 3862 2110 3914 secura
2130 3897 2151 3929 ‚
2200 3837 2468 3937 absque
2510 3835 2946 3914 dubitatione
2974 3865 3055 3916 ac
3091 3844 3289 3914 metu
3318 3863 3583 3938 suaque

531 3960 764 4035 innisa
823 3959 1078 4035 virtute
1102 4017 1122 4048 ‚
1183 3958 1470 4034 sublimi
1513 3958 1764 4034 vertice
1803 3958 2121 4034 incedere
2160 3959 2425 4059 possit;
2492 3981 2719 4058 quum
2767 3964 3037 4035 certum
3096 3960 3189 4036 sit
3224 3966 3387 4059 post
3432 3959 3581 4035 lon-

533 4104 697 4179 gam
747 4079 1036 4155 demum
1069 4103 1405 4155 annorum
1457 4078 1713 4154 serium
1756 4077 1944 4155 hunc
1983 4086 2344 4179 tamquam
2388 4083 2779 4152 extremum
2825 4078 3201 4177 quemdam
3226 4137 3247 4168 ,
3296 4084 3580 4177 exopta-

533 4200 1029 4298 tissimumque
1083 4200 1296 4276 finem
1337 4200 1626 4300 cogitari
1670 4199 1902 4299 potius
1943 4223 2154 4298 quam
2199 4197 2459 4298 sperari
2499 4221 2739 4298 posse;
2790 4204 2944 4274 tum
2989 4197 3121 4273 hoc
3162 4196 3579 4273 manifestis-

535 4320 800 4396 simum
835 4327 943 4395 est
966 4378 987 4411 ,
1048 4343 1176 4396 nec
1231 4319 1358 4395 ulli
1403 4320 1618 4396 dubio
1660 4318 2042 4395 obnoxium
2061 4377 2082 4408 ,
2148 4317 2568 4394 accuratiore
2618 4316 2980 4409 materiae,
3032 4316 3257 4416 qualis
3309 4321 3383 4391 et
3420 4335 3602 4389 nor-⁸

463 4435 470 4446 ’
535 4441 706 4516 mali
756 4445 864 4514 est
905 4444 976 4514 et
1015 4438 1399 4515 abnormali
1445 4446 1634 4515 statu
1648 4498 1669 4531 ,
1717 4439 1966 4516 notitia
2007 4439 2100 4515 ad
2141 4438 2503 4516 certiorem
2552 4435 2938 4535 rationique
2962 4435 3191 4535 magis
3216 4440 3577 4511 consenta-

536 4583 744 4635 neam
788 4557 1190 4636 morborum
1235 4559 1664 4635 sanationem
1710 4557 1891 4634 viam
1931 4557 2208 4634 muniri.
2307 4559 2411 4632 At
2445 4562 2763 4634 accurata
2798 4555 2917 4632 illa
2958 4554 3285 4632 materiae
3329 4553 3578 4646 notitia

537 4704 772 4755 nonne
813 4687 921 4754 est
977 4679 1278 4768 fructus,
1341 4704 1552 4779 quem
1597 4704 1639 4755 e
1687 4703 1865 4756 nova
1917 4678 2054 4756 ista
2071 4737 2092 4769 ,
2155 4678 2230 4754 in
2293 4702 2508 4777 quam
2564 4675 2899 4778 perducta
2954 4683 3061 4752 est
3082 4734 3104 4768 ,
3151 4675 3419 4753 ratione
3463 4699 3575 4750 ars

539 4800 810 4876 medica
871 4798 1228 4900 percepit?
1325 4800 1456 4874 Est
1514 4823 1677 4876 sane
1695 4858 1717 4892 ,
1785 4823 2014 4899 neque
2063 4799 2304 4900 negari
2350 4803 2620 4899 potest,
2684 4797 3071 4900 therapiam
3118 4797 3299 4875 inde·
3328 4795 3577 4897 utique
