4766 6034
1851 637 2409 708 ORATIO.
3524 641 3653 708 115

691 842 835 925 113)
875 845 998 907 qu
1037 845 1246 908 maiore
1284 845 1476 920 cura”,
1529 845 1738 926 inquit,
1803 852 1896 908 eet
1945 848 2128 910 studio
2181 849 2523 932 dispicienda
2576 851 2661 909 est
2698 845 2861 908 nobis
2890 851 2959 908 et
2996 845 3345 930 disquirenda
3386 869 3653 928 germana

609 949 773 1010 -fidei
826 949 1134 1031 proprietas
1147 993 1164 1022 ,
1225 969 1336 1029 quo
1377 948 1738 1031 perniciosior
1785 950 1956 1014 hodie
1991 959 2078 1013 est
2121 953 2184 1014 in
2223 955 2330 1016 hac
2365 959 2523 1036 parte
2561 953 2863 1014 multorum
2904 951 3279 1014 hallucinatio.
3362 954 3647 1034 Siquidem

611 1055 792 1114 ‚bona
831 1071 958 1134 pars
995 1053 1172 1126 orbis,
1213 1051 1402 1114 audito
1441 1054 1558 1114 eius
1597 1054 1854 1128 nomine,
1895 1054 2040 1116 nihil
2077 1058 2241 1118 altius
2275 1056 2547 1138 concipit,
2602 1075 2768 1136 quam
2808 1056 3089 1134 vulgarem
3128 1055 3423 1134 quemdam
3462 1059 3649 1118 Evan-

573 1134 852 1234 '0gelicae
901 1155 1166 1217 historiae
1215 1175 1527 1218 assensumz
1584 1157 1700 1218 imo
1755 1177 1926 1238 quum
1981 1158 2042 1220 in
2100 1161 2305 1222 scholis
2357 1160 2431 1222 de
2468 1158 2577 1220 fide
2616 1159 2929 1241 disputant,
2990 1159 3171 1220 Deum
3214 1161 3327 1220 eius
3366 1160 3647 1222 obiectum

607 1261 966 1343 ‚simpliciter
1002 1258 1251 1322 vocando
1266 1305 1283 1334 ,
1346 1259 1578 1322 evanida
1615 1263 1986 1343 speculatione
2026 1264 2252 1332 miseras
2289 1263 2504 1326 animas
2544 1263 2764 1345 rapiunt
2800 1269 3172 1325 transversum
3212 1263 3415 1342 magis,
3476 1282 3647 1343 quam

606 1365 710 1425 aad
750 1384 976 1446 scopum
1013 1363 1276 1442 dirigant.
1335 1365 1487 1425 Nam
1511 1385 1682 1445 quum
1713 1366 1864 1428 Deus
1895 1367 2450 1430 lucem-inaccessam
2483 1367 2725 1440 habitat,
2771 1367 3057 1428 Christum
3085 1385 3370 1428 occurrere
3402 1365 3647 1428 medium

605 1487 862 1530 oneeesse
925 1473 1026 1529 est.
1065 1499 1148 1514 —
1197 1469 1270 1528 In
1327 1468 1552 1529 Christo
1601 1469 1754 1532 Deus
1809 1491 1870 1532 se
1923 1471 2200 1552 patefecit.
2239 1503 2322 1518 —
2359 1470 2664 1532 Invisibilis
2704 1471 2868 1532 Pater
2908 1489 3023 1532 non
3061 1470 3193 1530 alibi
3232 1489 3399 1550 quam
3436 1469 3497 1529 in
3538 1469 3645 1530 hac

603 1571 882 1649 nimagine
941 1570 1283 1650 quaerendus
1343 1577 1445 1632 est.
1485 1603 1568 1618 -—
1621 1573 1729 1634 Per
1774 1574 1953 1655 ipsum
2011 1574 2073 1634 in
2127 1573 2310 1636 Deum
2359 1574 2631 1637 credimus
2678 1573 2744 1657 (l
2787 1575 3044 1654 Petr.AI:
3090 1572 3236 1654 sl)”
3302 1574 3499 1634 Instit.
3540 1574 3642 1632 rel.

605 1675 818 1734 oar-ist.
857 1673 928 1734 1..
966 1675 1081 1736 ΠΙ.
1121 1693 1174 1735 c.
1213 1675 1296 1738 11.
1335 1693 1384 1735 s.
1431 1677 1486 1734 1.

683 1773 828 1856 114)
865 1779 905 1838 l.
945 1779 988 1838 l.
1027 1796 1074 1838 s.
1119 1782 1174 1838 6.
1261 1776 1405 1859 115)
1440 1777 1590 1840 Ibid.
1629 1798 1676 1838 s.
1721 1781 1776 1842 7.
1862 1776 2006 1858 116)
2041 1779 2192 1841 Ibid.
2229 1801 2276 1841 s.
2322 1785 2419 1842 32.
2506 1779 2649 1864 117)
2686 1779 2833 1842 Ibid.
2874 1801 2920 1842 s.
2966 1785 3023 1841 8.
3110 1778 3254 1860 118)
3288 1778 3437 1840 Ibid.
3471 1799 3517 1840 s.
3544 1783 3645 1839 16.

685 1874 1011 1957 119)1bid.
1067 1901 1112 1941 s.
1158 1885 1257 1941 41.
1297 1913 1380 1926 —
1432 1883 1598 1942 Iuvat
1657 1886 1712 1942 et
1770 1880 1865 1942 hic
1923 1882 2034 1944 alia
2090 1883 2350 1944 Canum
2404 1883 2555 1944 dicta
2608 1883 2840 1946 addere:
2908 1884 3077 1944 ,Non
3128 1883 3373 1956 minus”,
3424 1882 3639 1962 inquit,

600 1983 808 2044 'verbo
849 2001 987 2064 opus
1024 1983 1198 2044 babet
1235 1983 1374 2045 fides
1391 2029 1406 2057 ,
1461 2003 1628 2064 quam
1669 1985 1878 2046 fructus
1916 1987 2043 2047 viva
2080 1985 2268 2048 radice
2307 1987 2551 2048 arboris:
2592 1988 2723 2067 quia
2762 2007 2879 2049 non
2918 1987 3015 2049 alii
3050 2017 3133 2032 -
3168 2005 3386 2068 sperare
3422 1986 3485 2046 iu
3518 1985 3642 2046 Deo

600 2091 864 2166 'possunt
880 2130 896 2158 ,
949 2085 1062 2146 nisi
1099 2086 1194 2167 qui
1233 2093 1510 2148 noverunt
1547 2107 1752 2148 nomen
1794 2087 1928 2149 eius.
2009 2089 2169 2150 Haec
2207 2096 2393 2151 autem
2433 2090 2680 2168 cognitio
2722 2111 2792 2151 ex
2841 2092 3207 2170 cuiuscunque
3246 2089 3643 2168 imaginatione
3746 2095 3751 2100 “

599 2209 749 2250 anon
791 2195 877 2250 est
889 2211 907 2266 ;
952 2189 1048 2250 sed
1087 2195 1352 2270 quatenus
1389 2189 1542 2252 Deus
1578 2190 1698 2271 ipse
1736 2209 1864 2252 suae
1901 2191 2168 2253 bonitatis
2205 2193 2366 2254 testis
2406 2193 2549 2266 est”,
2604 2193 2742 2254 ibid.
2764 2213 2811 2255 s.
2838 2198 2934 2255 31.
2978 2221 3058 2240 —
3101 2193 3335 2272 »Neque
3372 2211 3546 2253 unum
3581 2189 3645 2250 id

599 2291 694 2352 oin
735 2290 868 2352 fidei
903 2291 1272 2370 intelligentia
1311 2293 1517 2370 agitur,
1580 2300 1642 2354 ut
1696 2293 1877 2355 Deum
1917 2314 2036 2355 esse
2090 2294 2407 2356 noverimus
2424 2341 2439 2368 ,
2504 2295 2603 2356 sed
2642 2297 2836 2369 etiam,
2898 2297 3017 2357 imo
3049 2296 3160 2356 hoc
3198 2293 3485 2376 praecipue
3502 2339 3517 2366 ,
3580 2301 3645 2354 ut

595 2415 745 2474 uqua
797 2395 872 2456 sit
910 2415 1046 2474 erga
1093 2415 1198 2458 nos
1236 2398 1520 2458 voluntate
1570 2397 1960 2473 intelligamus.
2043 2397 2242 2477 Neque
2283 2399 2433 2458 enim
2472 2398 2613 2460 scire
2628 2443 2643 2470 ,
2686 2397 2811 2478 quis
2849 2397 2911 2459 in
2950 2415 3011 2459 se
3050 2397 3127 2456 sit
3140 2441 3157 2470 ,
3198 2401 3414 2458 tantum
3455 2401 3646 2456 nostra

596 2499 802 2560 'refert
815 2541 834 2574 ,
893 2499 992 2560 sed
1039 2499 1216 2580 qualis
1267 2519 1388 2561 esse
1437 2499 1604 2561 nobis
1644 2499 1839 2572 velit”,
1887 2498 2025 2560 ibid.
2067 2519 2113 2560 s.
2157 2505 2214 2560 6.
2255 2533 2336 2546 —-
2380 2501 2551 2561 ,Non
2594 2521 2859 2580 negamus
2872 2545 2888 2574 ,
2942 2501 3081 2581 quin
3119 2498 3251 2561 fidei
3292 2498 3529 2560 officium
3570 2498 3645 2558 sit

594 2587 884 2663 »veritati'
911 2603 1022 2664 Dei
1075 2603 1417 2666 subscribere
1432 2648 1449 2677 ,
1509 2601 1728 2683 quoties
1779 2608 1837 2664 et
1886 2601 2146 2682 quicquid
2189 2609 2247 2665 et
2282 2623 2611 2684 quocunque
2650 2604 2815 2666 modo
2855 2603 3126 2686 loquitur:
3193 2601 3290 2664 sed
3327 2601 3641 2683 quaerimus

597 2705 802 2766 'modo
817 2751 834 2778 ,
896 2705 1032 2786 quid
1082 2708 1144 2768 iu
1197 2708 1367 2769 verbo
1419 2707 1650 2769 Domini
1703 2705 1938 2788 reperiat
1979 2706 2118 2768 fides
2131 2751 2148 2780 ,
2207 2727 2320 2786 quo
2361 2707 2573 2768 nitatur
2612 2713 2671 2769 et
2706 2707 3009 2769 recumbat.
3049 2738 3132 2751 —
3170 2705 3438 2767 Nondum
3476 2707 3643 2785 plena

596 2809 870 2870 ubabetur
915 2829 952 2870 a
995 2809 1162 2870 nobis
1205 2809 1337 2872 fidei
1389 2809 1640 2872 definitio
1653 2855 1672 2884 ,
1731 2809 1952 2890 quaudo
2010 2812 2350 2872 voluntatem
2391 2810 2501 2872 Dei
2540 2809 2973 2891 qualemcunque
3018 2829 3181 2871 nosse
3220 2829 3320 2890 pro
3363 2808 3473 2868 fide
3514 2825 3641 2868 cen·

599 2911 868 2975 nendum
916 2931 1032 2973 non
1089 2919 1190 2974 est.
1271 2913 1424 2976 Quid
1463 2913 1513 2974 si
1563 2911 1626 2974 in
1676 2915 1861 2974 locum
1901 2913 2198 2976 voluntatis
2244 2946 2327 2962 —
2365 2912 2810 2976 benevolentiam
2827 2958 2843 2986 ,
2908 2933 3007 2974 seu
3043 2911 3479 2974 misericordiam
3518 2912 3645 2972 sub·

595 3015 884 3078 niiciamus
901 3020 930 3077 P
1009 3017 1102 3078 Ita
1145 3022 1296 3078 certe
1349 3016 1420 3079 ad
1473 3015 1604 3079 fidei
1643 3016 1929 3096 ingenium
1971 3016 2192 3101 propius
2229 3016 2681 3090 accesserimus'’,
2723 3015 2861 3079 ibid.
2902 3036 2948 3078 s.
2994 3020 3048 3081 ’1.
3090 3048 3173 3063 -·
3216 3015 3411 3077 aeFidei
3448 3015 3645 3076 funda·

593 3126 882 3181 omentum
939 3120 1171 3182 facimus
1229 3120 1528 3198 gratuitam
1579 3120 2000 3201 promissionem
2013 3163 2031 3193 ,
2093 3120 2240 3201 quod
2293 3122 2356 3181 in
2408 3122 2527 3202 ipsa
2582 3120 2802 3202 proprie
2860 3120 2999 3181 fides
3052 3119 3335 3180 consistat.
3374 3150 3457 3163 —
3504 3118 3641 3177 Non

595 3243 898 3303 :negamus
913 3269 929 3296 ,
991 3224 1128 3303 quin
1189 3223 1300 3285 Dei
1353 3225 1584 3291 verbum
1631 3224 1784 3285 omni
1839 3244 1911 3285 ex
1948 3228 2104 3307 parte
2145 3226 2543 3305 amplectantur
2582 3230 2639 3285 et
2680 3222 2981 3304 suscipiant
3018 3222 3231 3283 fideles:
3294 3220 3391 3283 sod
3430 3220 3641 3281 miseri·

593 3326 852 3390 reordiae
910 3327 1329 3409 promissionem
1383 3326 1512 3389 fidei
1570 3328 1632 3387 in
1692 3328 1973 3409 proprium
2029 3346 2257 3409 scopum
2317 3326 2718 3400 destinamus”,
2777 3324 2915 3387 ibid.
2975 3344 3021 3385 s.
3068 3330 3163 3385 29.
3218 3354 3301 3369 —-
3358 3323 3637 3395 »Peteon

593 3434 890 3511 ngenerale
935 3430 1066 3492 fidei
1104 3430 1384 3492 obiectum
1431 3449 1550 3492 esse
1588 3430 1698 3491 Dei
1737 3431 2024 3493 veritatem
2043 3476 2060 3506 ,
2116 3452 2164 3492 s.
2201 3432 2445 3493 minetur
2461 3476 2476 3504 ,
2517 3450 2565 3493 s.
2602 3448 2757 3512 spem
2796 3410 2962 3491 faciat
3002 3430 3231 3508 gratiae.
3271 3459 3354 3474 —·
3392 3428 3639 3489 Tantum

595 3535 878 3596 uindicare
938 3535 1077 3595 haec
1128 3534 1238 3595 duo
1291 3536 1543 3597 volumus
1559 3578 1574 3606 ,
1635 3554 1935 3614 numquam
1989 3534 2202 3595 scilicet
2241 3534 2417 3615 ipsam
2456 3533 2785 3610 consistere,
2844 3532 3025 3595 donee
3063 3532 3134 3594 sd
3173 3532 3473 3611 gratuitam
3512 3550 3640 3612 pro·

595 3639 952 3699 missionem
991 3637 1332 3718 pervenerit:
1375 3636 1576 3698 deinde
1613 3656 1730 3698 non
1766 3638 1926 3699 aliter
1962 3658 2066 3699 nos
2105 3658 2204 3719 per
2242 3638 2419 3719 ipsam
2460 3638 2744 3699 conciliari
2770 3637 2923 3711 Deo,
2966 3636 3075 3699 nisi
3113 3636 3245 3716 quia
3280 3656 3383 3697 nos
3414 3636 3637 3697 Christo

593 3744 871 3823 ueopuIat.
949 3742 1262 3821 Utrumque
1293 3744 1488 3803 notatu
1519 3739 1770 3818 dignum.
1851 3740 2048 3802 Fidem
2077 3741 2392 3821 quaerimus
2408 3786 2423 3813 ,
2466 3761 2605 3821 quae
2644 3741 2753 3803 Dei
2790 3740 2937 3802 filios
2970 3763 3005 3804 a
3042 3740 3291 3823 reprobis
3328 3740 3639 3813 discernat,

596 3853 692 3908 net
739 3844 932 3907 fideles
987 3846 1058 3905 ab
1112 3843 1471 3917 incredulis”,
1510 3843 1648 3906 ibid.
1688 3864 1734 3905 s.
1777 3848 1873 3905 80.
1911 3876 1994 3889 —
2035 3844 2233 3907 »Haec
2273 3864 2405 3906 vera
2446 3849 2531 3905 est
2567 3844 2775 3906 Christi
2818 3845 3089 3923 cognitio,
3150 3845 3199 3905 si
3240 3862 3365 3905 eum
3383 3889 3399 3916 ,
3460 3844 3637 3923 qualis
3722 3856 3749 3865 ·

594 3949 854 4012 aeoffertur
885 3970 920 4010 a
959 3950 1124 4010 Patre
1138 3993 1153 4021 ,
1196 3946 1549 4029 suscipimus,
1591 3966 1788 4028 nempe
1827 3948 2134 4025 Evangelio
2174 3966 2272 4009 suo
2312 3948 2605 4009 vestitum:
2644 3949 2775 4028 quia
2808 3947 2971 4010 sicuti
3010 3949 3071 4007 in
3106 3966 3334 4027 scopum
3354 3945 3485 4007 fidei
3508 3966 3639 4007 nos·

600 4059 754 4115 utrae
790 4055 910 4136 ipse
949 4050 1250 4120 destinatus
1291 4057 1406 4124 est,
1447 4052 1527 4111 ita
1567 4070 1681 4111 non
1715 4050 1826 4110 nisi
1865 4056 2158 4132 praeeunte
2197 4052 2504 4128 Evangelio
2547 4056 2699 4111 recta
2738 4050 2809 4111 ad
2852 4070 2977 4111 eum
3012 4048 3305 4111 teudemus
3323 4050 3385 4121 ”,
3427 4048 3565 4109 ibid.
3587 4070 3635 4109 s.

597 4164 655 4221 6.
696 4190 778 4203 -
821 4158 991 4218 'Non
1026 4156 1088 4217 in
1126 4154 1500 4233 ignoratione,
1547 4154 1642 4215 sed
1681 4154 1742 4214 in
1785 4154 2104 4232 cognitione
2143 4154 2250 4215 sita
2289 4159 2374 4215 est
2413 4152 2567 4214 fides.
2608 4186 2691 4199 -
2730 4153 3065 4235 Explicitum
3088 4152 3318 4232 requirit
3338 4152 3636 4231 Apostolus

598 4263 830 4341 omem.
869 4263 962 4322 X:
1004 4261 1108 4339 10)
1149 4260 1369 4321 divinae
1408 4257 1676 4321 bonitatis
1707 4256 2079 4335 agnitionem,
2123 4256 2184 4317 in
2229 4254 2338 4337 qua
2377 4256 2629 4317 consistit
2660 4261 2851 4319 nostra
2889 4256 3174 4328 iustitia'’,
3216 4254 3353 4315 ibid.
3389 4274 3435 4315 s.
3478 4259 3535 4313 2.
3556 4284 3637 4299 —-

601 4366 854 4425 nVocare
889 4364 1056 4425 fidem
1096 4363 1421 4445 implicitam
1459 4363 1614 4433 licet,
1658 4380 1800 4439 quae
1837 4366 2023 4422 tamen
2067 4360 2283 4441 proprie
2319 4360 2463 4419 nihil
2506 4358 2653 4419 aliud
2686 4365 2769 4420 ωε
2788 4404 2804 4432 ,
2844 4378 3009 4439 quam
3043 4358 3175 4419 fidei
3209 4356 3596 4439 praeparatio’'
3620 4402 3635 4428 ,

595 4466 734 4528 ibid.
777 4486 824 4528 s.
870 4472 926 4527 5.
1011 4467 1171 4527 ulmo
1211 4466 1380 4527 fldem
1397 4511 1412 4539 ,
1469 4465 1732 4545 quamdiu
1768 4465 1829 4525 in
1871 4464 2078 4525 mundo
2119 4464 2561 4546 peregrinamur,
2607 4464 2939 4545 implicitam
2973 4462 3147 4523 esse’'
3190 4458 3447 4523 concedit
3485 4460 3636 4519 Can·

598 4588 810 4648 vnms3
857 4568 1012 4631 addit
1049 4574 1262 4631 autem:
1313 4568 1730 4650 eperfectissimi
1769 4568 2030 4648 cuiusque
2068 4587 2280 4629 summa
2319 4566 2587 4648 sapientia
2620 4572 2705 4627 est
2723 4568 2987 4647 prolicere
3008 4564 3330 4646 placidaque
3348 4562 3633 4637 docilitate

602 4672 856 4752 ulongius
889 4673 1100 4747 eniti”,
1142 4673 1279 4734 ibid.
1322 4694 1367 4734 s.
1413 4678 1468 4734 5.
1509 4706 1592 4718 —
1629 4674 1700 4733 In
1743 4672 2028 4733 refutanda
2067 4691 2207 4752 quae
2239 4670 2301 4731 in
2341 4668 2546 4731 scholis
2578 4669 2847 4731 volitabat
2878 4668 3169 4748 nugatoria
3200 4666 3331 4729 fidei
3364 4667 3633 4727 formatae

601 4782 657 4837 et
693 4778 948 4839 informis
985 4776 1372 4850 distinctione,
1427 4776 1498 4838 sd
1537 4778 1704 4836 Rom.
1746 4775 1842 4833 X:
1889 4778 1964 4835 10
2007 4794 2342 4855 provocans,
2383 4775 2523 4835 haec
2562 4778 2787 4834 monet:
2848 4773 2947 4833 nsi
2982 4792 3093 4833 una
3130 4771 3269 4832 baec
3308 4768 3471 4830 nobis
3512 4788 3639 4849 sup·

605 4886 848 4961 npeteret
887 4881 1028 4943 ratio
1044 4927 1060 4955 ,
1115 4882 1299 4945 valere
1339 4880 1564 4943 deberet
1603 4876 1673 4941 ad
1711 4877 1869 4939 litem
1907 4878 2239 4941 finiendam:
2284 4878 2659 4941 assensionem
2698 4876 2911 4940 scilieet
2951 4876 3127 4961 ipsam
3167 4908 3250 4921 -
3290 4871 3471 4945 cordis
3512 4892 3632 4937 esse

3104 4974 3253 5052 15*
