4766 6034
1259 601 1393 669 184
2346 595 2414 664 G.
2483 592 2758 662 STAR
2825 593 3198 662 NUMAN

1262 809 1377 884 hic
1434 807 1553 906 agi
1607 800 1955 881 nonnullis
2000 799 2400 890 videbatur,
2451 802 2575 878 sed
2615 800 2710 877 ad
2748 807 3062 879 auctores
3101 799 3394 876 iniuriae
3436 801 3688 878 missis.
3785 803 3956 903 Egit
4013 805 4126 882 hac
4175 807 4234 882 in

1266 953 1383 1017 rc,
1432 935 1516 1002 ut
1551 947 1795 1002 omnes
1842 930 2138 1012 norunt,
2196 921 2613 1012 humaniter,
2656 921 2991 1011 candide,
3053 920 3388 996 fidissime
3445 929 3656 1020 atque
3706 946 3748 996 e
3805 923 4238 1024 theologorum

1263 1020 1854 1133 Christianorum,
1926 1065 2225 1144 quorum
2296 1039 2512 1115 animi
2577 1038 2670 1114 ad
2732 1062 2976 1139 pacem
3041 1047 3448 1138 perpetuam
3512 1047 3848 1140 perpetuo
3919 1045 4238 1142 compositi

1266 1172 1431 1241 sunt
1448 1223 1469 1254 ,
1531 1170 1729 1239 voto:
1779 1185 1907 1236 nec
1960 1184 2117 1234 vero
2166 1157 2257 1233 ab
2309 1157 2464 1232 eius
2507 1156 2848 1232 sententia
2895 1155 3328 1256 discrepabat
3371 1157 3682 1234 Ministri
3723 1160 3904 1260 regii
3947 1161 4240 1238 iudicium

1260 1285 1451 1384 quod
1493 1283 1845 1381 utrimque
1883 1285 2287 1379 exoptatum
2324 1284 2432 1354 est
2445 1334 2467 1366 ,
2517 1277 2644 1376 qui
2679 1283 2987 1352 nostram
3013 1275 3284 1376 'agendi
3319 1276 3660 1354 rationem
3697 1279 3988 1355 minime
4023 1281 4237 1379 impm-

1262 1405 1473 1481 bavit.
1573 1404 1783 1477 Nunc
1848 1407 2086 1476 autem
2142 1396 2345 1474 anxie
2417 1396 2703 1496 quidem
2720 1454 2742 1486 ,
2807 1395 2998 1495 quod
3054 1395 3317 1472 nemini
3363 1397 3681 1476 mirabile
3729 1401 4100 1489 videbitur,
4143 1402 4242 1478 sed

1264 1535 1497 1601 tamen
1564 1523 1796 1622 quiete
1814 1579 1835 1610 ,
1896 1519 2157 1618 quippe
2224 1517 2410 1594 bona
2477 1516 2684 1592 officii
2743 1513 3164 1592 conscientia
3201 1515 3360 1593 freti
3376 1576 3399 1608 ‚
3449 1521 3822 1619 quotannis
3860 1521 4242 1620 exspectabi.

1264 1670 1425 1720 mus
1444 1702 1463 1733 ,
1534 1642 1707 1742 quid
1771 1639 1905 1715 sibi
1968 1637 2258 1713 voluerit
2320 1635 2488 1711 mali
2542 1634 2720 1711 illud
2774 1634 3060 1712 ominis:
3143 1638 3386 1717 nQuos
3448 1662 3580 1738 ego
3599 1639 3670 1714 l''
3715 1639 3908 1738 quod
3955 1638 4082 1715 hoc
4121 1639 4243 1738 ipso

1264 1789 1447 1840 anno
1494 1760 1909 1838 audivimus,
2008 1759 2203 1833 Num
2249 1755 2536 1831 fortasse

1990 1937 2158 1999 aePost
2194 1937 2333 1999 mihi
2370 1937 2686 2000 non'eim’li
2711 1955 2895 2016 poena
2931 1938 3225 2000 commissa
3259 1937 3508 2000 luetisl”

1258 2117 1723 2196 Praestitisset
1801 2139 1966 2192 sane
2030 2139 2209 2214 eque
2274 2113 2626 2213 republica
2683 2113 2930 2189 fuisset
2981 2121 3210 2190 motos
3277 2113 3536 2190 fluctus
3589 2138 4004 2214 componere
4065 2139 4246 2214 quam

1258 2240 1543 2314 irritare.
1633 2235 2002 2333 Quidquid
2049 2233 2358 2326 eveniet,
2413 2235 2712 2312 Senatus
2753 2258 2796 2310 a
2845 2240 3031 2310 recta
3073 2257 3286 2333 quam
3327 2234 3682 2334 ingressus
3727 2232 3862 2308 sibi
3910 2259 4061 2310 esse
4099 2233 4250 2308 vide·

1262 2369 1377 2434 tur
1424 2358 1533 2432 via
1580 2379 1718 2430 non
1766 2354 2073 2430 decedet.

1356 2477 1474 2552 Ad
1532 2475 1814 2552 laetiora
1866 2473 2362 2574 proficiscimur
2380 2531 2402 2564 ,
2465 2497 2935 2575 properamus.
3037 2474 3190 2549 Nec
3232 2498 3398 2550 sane
3453 2473 3632 2548 festo
3685 2473 3815 2551 hoc
3868 2475 3990 2550 die
4039 2475 4250 2548 desunt

1256 2596 1674 2672 Academiae
1742 2593 2045 2669 laetandi
2098 2617 2367 2669 causae.
2468 2593 2651 2674 Quis
2714 2594 2902 2670 enim
2963 2617 3105 2670 non
3163 2617 3442 2671 mecum
3502 2591 3765 2693 gaudet
3815 2595 4088 2670 salvum
4135 2617 4253 2667 esse

1259 2725 1469 2815 atque
1529 2714 1949 2788 incolumem
2013 2715 2283 2814 Regem
2333 2709 2734 2815 regiamque
2782 2714 3070 2791 domum
3089 2771 3110 2804 ,
3173 2737 3468 2812 eamque
3517 2736 3670 2788 esse
3717 2713 4110 2788 carissimae
4157 2736 4252 2810 pa·

1257 2836 1431 2910 triae
1474 2833 1939 2909 conditionem
1972 2841 2055 2908 ut
2068 2892 2087 2924 ,
2126 2835 2334 2910 modo
2378 2859 2522 2910 non
2570 2835 2876 2936 partium
2916 2833 3168 2910 studiis
3215 2831 3666 2909 conturbetur
3705 2837 3830 2908 aut
3873 2832 4254 2908 factionibus

1260 2954 1695 3031 dilaceranda
1744 2954 2057 3030 tradatur
2070 3012 2091 3043 ‚
2154 2953 2328 3032 nihil
2387 2978 2802 3055 magnopere
2859 2953 3114 3038 habere
3173 2952 3486 3029 videatur
3535 2950 3726 3051 quod
3767 2948 3925 3027 aliis
3973 2953 4254 3050 Europae

1245 3074 1532 3175 'populis
1583 3073 1909 3151 invideat.
2009 3074 2165 3150 Imo
2213 3075 2304 3150 ad
2352 3074 2488 3149 hos
2539 3098 2702 3151 cum
2755 3075 3069 3150 animum
3121 3072 3544 3149 advertimus
3596 3095 3818 3171 paene
3873 3072 4067 3147 subit
4111 3070 4256 3164 illud

1252 3201 1531 3292 poetae:
1623 3194 1744 3268 nO
1803 3193 2189 3269 fortunatos
2255 3194 2552 3269 nimium
2571 3252 2594 3283 ,
2665 3218 2792 3269 sua
2863 3194 2930 3269 si
2986 3194 3170 3270 bona
3217 3191 3536 3268 norintl''
3607 3190 3796 3266 Salvi
3841 3201 4012 3267 sunt
4071 3192 4254 3267 Cura·

1254 3322 1437 3387 tores
1457 3370 1476 3401 ,
1552 3311 1677 3410 qui
1744 3310 2160 3393 Academiae
2218 3312 2600 3387 commodis
2669 3336 2944 3387 summo
3005 3311 3238 3387 studio
3298 3320 3510 3410 atque
3571 3311 3838 3410 optima
3905 3336 4071 3412 erga
4127 3334 4256 3386 eam

1254 3433 1608 3505 voluntate
1653 3433 2037 3530 prospicere
2096 3438 2434 3531 pergunt:
2489 3430 2658 3505 salvi
2701 3454 2942 3505 omues
2985 3431 3316 3531 collegae,
3366 3430 3558 3528 quod
3597 3454 3680 3504 eo
3724 3430 3976 3505 maiori
4025 3430 4096 3503 in
4133 3429 4252 3503 feli·

1254 3549 1460 3621 citata
1503 3547 1983 3645 deputandum
2024 3555 2170 3637 est,
2221 3572 2361 3647 quo
2404 3547 2636 3645 plures
2682 3547 2812 3621 hoc
2855 3572 3038 3623 anno
3082 3548 3315 3625 leviori
3355 3548 3734 3650 graviorive
3775 3549 4026 3625 morbo
4063 3546 4256 3624 affecti

1257 3667 1575 3741 fuerunt.
1650 3666 1818 3741 salvi
1888 3666 2189 3765 denique
2258 3666 2551 3741 studiosi
2622 3664 2944 3757 iuvenes,
3025 3691 3068 3743 e
3139 3691 3441 3767 quorum
3499 3674 3736 3743 tamen
3783 3692 4079 3743 numero
4141 3675 4254 3739 tres

1258 3792 1479 3861 morte
1525 3790 1795 3883 ereptos
1842 3808 1992 3859 esse
2038 3784 2245 3859 modo
2292 3784 2672 3884 accepistis

1355 3906 1622 4004 Magna
1677 3928 1841 3979 cum
1902 3902 2250 4003 voluptate
2305 3901 2737 4003 accepimus,
2799 3904 2952 3980 Viri
2998 3906 3379 3983 Clarissimi
3435 3862 4252 3996 Murena,anc1sen

1260 4028 1650 4100 ΖΑοΗΑιιιΑ
1718 4031 1791 4098 et
1857 4025 2043 4098 Ilus
2106 4025 2532 4100 Gummmun
2589 4024 3017 4101 Eumne!
3079 4026 3308 4125 regiae
3362 4050 3484 4102 vos
3541 4026 3969 4103 Academiae
4023 4024 4254 4101 artibus

1258 4152 1467 4245 atque
1518 4142 1902 4242 disciplinis
1946 4142 2338 4219 excolendis
2390 4142 2771 4242 adscriptos
2819 4168 2972 4221 esse
2991 4202 3012 4234 ,
3054 4144 3268 4245 inque
3317 4145 3564 4221 similis
3611 4144 3840 4223 laudis
3885 4145 4254 4223 societatem

1255 4289 1376 4339 vos
1416 4263 1682 4337 venisse
1700 4321 1721 4351 ‚
1772 4263 2094 4363 Collegae
2133 4261 2700 4338 aestumatissimi
2732 4285 2830 4339 nn
2861 4266 3172 4341 Gauuvn
3197 4270 3270 4341 et
3292 4266 3800 4341 Ioncxsnonrl
3869 4264 4022 4341 Vos
4051 4262 4254 4340 nullus

1258 4383 1505 4458 dubito
1550 4381 1721 4483 quin
1770 4380 2253 4457 lubentissime
2294 4406 2458 4459 cum
2500 4382 2786 4482 reliquis
2829 4392 3094 4461 vestrae
3139 4385 3378 4461 classis
3423 4383 3624 4460 sociis
3663 4392 3977 4461 vestrum
4030 4380 4256 4481 singuli

1256 4500 1578 4575 collaturi
1636 4498 1787 4575 sitis
1858 4506 1947 4576 -ut
2016 4499 2206 4599 quod
2265 4500 2466 4575 initio
2521 4500 2836 4577 vitiosius
2898 4502 3106 4579 fuerit
3157 4510 3386 4583 tractu
3441 4503 3773 4604 temporis
3831 4505 4252 4591 convalescat

1263 4622 1425 4699 Qua
1495 4619 1585 4694 de
1647 4644 1721 4693 re
1788 4644 1985 4719 spem
2050 4619 2406 4721 concipere
2473 4644 2801 4720 magnam
2857 4621 2910 4697 ii
2975 4621 3273 4715 debent,
3336 4624 3462 4725 qui
3525 4648 3566 4701 e
3623 4624 4024 4725 nuperrime
4089 4620 4254 4698 edito

1260 4764 1462 4838 opere
1510 4739 2009 4832 intellexerint,
2068 4764 2281 4839 quam
2322 4764 2566 4841 graves
2613 4746 2826 4841 atque
2875 4741 2976 4819 rei
3019 4743 3336 4843 publicae
3383 4742 3789 4826 utilissimae
3833 4742 4254 4845 quaestiones
