4766 6034
1874 639 2430 711 ORATIO.
3539 640 3670 709 285

643 843 859 917 animi
918 842 1447 919 oblectationem
1507 826 1901 920 reiiceretur
1914 903 1936 935 ,
2003 845 2262 946 quibus
2312 852 2396 920 ut
2439 869 2577 919 non
2627 846 2852 923 omnis
2903 847 3005 921 vis
3056 847 3480 923 detrahenda
3501 907 3522 938 ‚
3575 849 3676 925 sie

642 962 866 1039 multo
920 963 1156 1061 minus
1206 963 1423 1039 nimia
1480 963 1945 1063 permittenda
1993 974 2179 1041 sunt.
2294 964 2567 1039 Deinde
2621 966 2680 1040 si
2729 965 2959 1041 studia
3011 967 3214 1041 nobis
3274 954 3507 1043 nostra
3529 1027 3550 1057 ,
3603 976 3676 1043 et

643 1079 949 1157 laborem
994 1083 1493 1160 adhibendum
1522 1082 1907 1184 denegant,
1970 1078 2227 1161 iniuste
2270 1084 2610 1173 facerent,
2659 1084 2796 1159 nisi
2842 1085 3173 1161 omnibus
3221 1087 3430 1161 simul
3472 1086 3672 1163 eede-

644 1209 801 1275 rent
852 1202 1003 1276 istis
1022 1260 1043 1291 ‚
1104 1204 1229 1301 qui
1286 1204 1681 1281 etiamnunc
1728 1204 1998 1279 fructus
2053 1204 2486 1302 antiquitatis
2537 1205 2910 1294 exsistunt,
2971 1206 3080 1280 vel
3124 1230 3303 1303 quae
3347 1232 3434 1281 ex
3472 1205 3676 1282 istius

647 1320 1031 1397 imitatione
1100 1321 1357 1398 fuerint
1428 1324 1721 1431 formata
1737 1381 1757 1412 ‚
1832 1332 1905 1398 et
1970 1323 2227 1399 bonam
2292 1324 2556 1421 ingenii
2619 1324 2972 1399 excolendi
3043 1334 3307 1424 partem
3328 1384 3348 1414 ,
3415 1333 3494 1399 ut
3546 1326 3677 1401 hoc

649 1464 875 1515 unum
920 1440 1145 1517 dicam
1169 1500 1190 1530 ,
1237 1443 1582 1519 amittent.
1682 1444 1841 1519 Hoc
1891 1468 2049 1518 vero
2088 1443 2241 1519 fieri
2291 1449 2438 1518 tam
2487 1443 2871 1519 absurdum
2917 1452 3055 1533 est,
3111 1452 3191 1518 ut
3237 1445 3344 1519 vel
3390 1445 3680 1544 cogitari

648 1585 787 1636 non
853 1570 1065 1659 queat
1080 1595 1100 1651 3
1164 1560 1277 1637 hic
1327 1562 1543 1661 igitur
1600 1564 1801 1637 firma
1863 1563 2005 1638 iam
2054 1561 2446 1639 invenimus
2498 1563 2950 1639 fundamenta
3019 1544 3230 1638 simul
3292 1564 3682 1640 studiorum

648 1686 1040 1755 nostrorum
1059 1739 1080 1769 ,
1146 1688 1219 1754 et
1285 1681 1605 1756 utilitatis
1660 1662 2041 1757 certissima
2088 1682 2522 1759 documenta.
2623 1682 2820 1758 Haec
2880 1690 3116 1759 autem
3162 1684 3396 1759 omnia
3440 1683 3683 1758 adesse

653 1822 793 1873 non
860 1806 1187 1899 poterunt
1248 1800 1617 1877 adversarii
1686 1826 1975 1902 negare:
2025 1802 2101 1877 id
2165 1802 2637 1891 contendunt,
2696 1826 2832 1877 non
2879 1810 3074 1877 tanta
3123 1804 3284 1877 hinc
3328 1803 3519 1878 nasei
3536 1862 3556 1891 ,
3605 1812 3686 1876 ut

654 1919 765 1993 his
828 1918 1209 2009 iuventutis
1254 1920 1601 1997 institutio
1646 1928 2159 2021 superstruatur
2180 1980 2200 2010 ,
2250 1930 2332 1998 ut
2376 1922 2564 1997 haec.
2593 1922 2776 2010 sint,
2825 1944 3006 2021 quae
3056 1906 3328 1997 tenellis
3381 1921 3686 2021 primum

658 2038 906 2113 animis
928 2096 948 2125 ,
998 2046 1071 2113 et
1114 2064 1279 2115 mox
1320 2040 1903 2115 efflorescentibus
1954 2048 2115 2139 apte
2172 2040 2532 2115 tradamus
2553 2098 2574 2129 ,
2624 2047 2705 2115 ut
2759 2048 3044 2139 possent
3097 2041 3228 2115 rite
3281 2039 3560 2115 formari
3617 2049 3714 2114 et·

660 2157 757 2231 sic
803 2144 1099 2233 etiam'e
1156 2159 1445 2234 surculis
1496 2159 1771 2235 arbores
1818 2159 2030 2236 nasci.
2129 2158 2549 2248 Videamus,
2602 2159 2777 2260 quid
2825 2160 2925 2234 rei
2977 2160 3087 2236 sit.
3190 2158 3404 2239 Quod
3455 2166 3724 2235 autem-

658 2285 742 2351 ut
803 2277 929 2351 fiat
943 2335 965 2365 ‚
1030 2262 1344 2353 accurate
1406 2278 1615 2353 simul
1666 2286 1737 2353 et
1797 2278 2155 2377 perspicue
2218 2278 2592 2355 dicendum
2653 2285 2788 2366 est,
2839 2277 3013 2376 quid
3074 2278 3298 2353 velim.
3389 2278 3570 2366 Ἀίο,
3618 2279 3692 2351 in

662 2404 896 2471 nostra
940 2397 1163 2496 patria
1210 2396 1387 2497 hanc
1435 2398 1867 2473 iuventutem
1888 2457 1909 2486 ,
1957 2390 2146 2473 unde
2190 2398 2416 2487 bonos
2469 2399 2650 2473 cives
2666 2456 2686 2486 ,
2737 2404 2808 2471 et
2851 2398 3040 2472 culta
3087 2382 3368 2496 ingenia
3413 2422 3691 2496 exspec-

663 2525 894 2589 tamus
913 2575 935 2603 ,
1008 2515 1159 2591 sine
1225 2516 1471 2591 litteris
1534 2524 1612 2591 et
1672 2517 2016 2593 variorum
2086 2542 2484 2593 sermonum
2552 2516 2798 2591 notitia
2866 2516 3140 2591 institui
3205 2512 3486 2593 omnino
3553 2541 3695 2591 non

662 2658 903 2733 posse;
978 2635 1115 2709 iam
1193 2642 1519 2735 magnam
1588 2660 1828 2711 eorum
1896 2645 2161 2735 partem
2180 2696 2201 2726 ,
2272 2638 2333 2711 si
2399 2660 2724 2711 numeros
2792 2644 3185 2735 spectamus
3205 2696 3224 2725 ,
3282 2636 3496 2711 immo
3539 2660 3699 2710 vero

664 2753 1312 2829 excellentissimam
1377 2755 1585 2845 forte,
1652 2757 1713 2831 si
1776 2758 2017 2832 altiora
2070 2757 2468 2857 quaerimus
2483 2809 2504 2849 ,
2555 2755 2862 2855 antiquis
2910 2756 3020 2830 his
3079 2756 3325 2831 litteris
3371 2780 3520 2831 esse
3566 2756 3695 2829 im-

666 2874 1021 2949 buendam
1040 2932 1061 2962 ,
1113 2874 1282 2972 quin
1330 2874 1640 2974 undique
1686 2876 2135 2954 erudiendam
2151 2936 2173 2967 ,
2222 2877 2392 2951 haec
2451 2883 2688 2951 autem
2750 2900 2899 2949 esse
2948 2899 3169 2963 vera,·
3205 2884 3362 2949 tum
3429 2874 3492 2949 si
3544 2874 3698 2948 uni-

670 3015 861 3068 verse
904 3016 1186 3069 omnem
1226 2993 1443 3070 animi
1482 2994 1785 3085 cultum,
1834 3004 1990 3073 tum
2036 2997 2097 3090 si
2141 3023 2223 3072 ea
2268 3002 2694 3096 spectemus,
2741 2994 2816 3070 in
2863 2994 3122 3094 quibus
3169 2988 3426 3093 sin'guli
3463 3000 3703 3092 postea

671 3114 852 3188 vitae
898 3122 1162 3213 ponent
1206 3113 1541 3190 curricula
1564 3173 1585 3203 ,
1653 3117 1823 3215 quin
1876 3116 2093 3191 immo
2140 3116 2287 3190 sine
2336 3115 2447 3190 his
2495 3113 2748 3190 litteris·
2787 3137 3204 3212 magnopere
3249 3113 3702 3188 imminutum
3765 3139 3768 3142 ’

671 3233 757 3306 iri
830 3233 1409 3333 exspectationem
1431 3291 1452 3322 ,
1526 3233 1671 3309 fore
1740 3242 1822 3309 ut
1882 3241 2165 3335 possent
2234 3235 2363 3310 hoe
2404 3227 2506 3308 'in
2575 3241 2986 3333 argumento
3051 3232 3422 3330 unicuique
3490 3256 3703 3330 quam

672 3351 1031 3450 aptissima
1090 3338 1507 3453 contingere.
1633 3355 1839 3432 Quae
1904 3353 2359 3430 demonstrari
2425 3354 2714 3428 fortasse
2780 3350 2972 3426 brevi
3035 3352 3164 3426 hoc
3229 3351 3438 3427 unius
3498 3352 3706 3426 horae

672 3471 895 3570 spatio
954 3495 1095 3547 non
1168 3477 1534 3572 poterunt,
1604 3479 1679 3548 at
1736 3479 2029 3574 possunt
2092 3472 2532 3562 adumbrari,
2603 3477 2896 3572 possunt
2963 3469 3251 3546 fortasse
3314 3469 3704 3544 verisimilia

674 3591 895 3665 evinci
952 3591 1183 3667 iudice
1242 3589 1507 3692 optimo
1558 3616 1855 3691 quoque.
1957 3590 2172 3670 Quod
2239 3590 2299 3666 si
2364 3590 2626 3667 factum
2679 3588 2931 3679 fuerit,
2981 3588 3147 3664 satis
3198 3613 3544 3688 superque
3595 3588 3701 3662 lu·

672 3716 901 3784 eratus
950 3733 1085 3785 ero.

822 3829 1095 3928 Negavi
1136 3827 1353 3928 igitur
1396 3829 1609 3904 ullam
1648 3853 1799 3905 esse
1830 3828 1905 3904 in
1946 3830 2171 3929 patria
2214 3836 2452 3903 nostra
2489 3827 2996 3902 institutionem
3010 3885 3034 3918 ,
3082 3851 3261 3927 quae
3305 3827 3588 3926 quidem
3631 3826 3706 3900 id

676 3971 927 4024 nomen
970 3957 1306 4036 meretur,
1344 3955 1416 4022 et
1450 3971 1590 4022 non
1628 3973 1883 4049 magna
1916 3974 2004 4025 ex
2036 3954 2231 4048 parte
2264 3951 2548 4023 constet'
2568 3971 2609 4021 e
2643 3970 3038 4022 sermonum
3073 3947 3337 4020 notitia.
3386 3945 3706 4020 Vivimus

674 4069 750 4143 in
796 4067 1075 4168 regione
1126 4065 1555 4144 nobilissima
1598 4067 1883 4167 quidem
1904 4125 1926 4157 ‚
1974 4074 2059 4168 et¹
2090 4066 2532 4143 celeberrima
2577 4065 3106 4164 felicissimaque
3128 4122 3149 4154 ,
3201 4064 3324 4138 sed
3371 4089 3580 4164 parva
3625 4089 3709 4140 ea

678 4195 749 4261 et
796 4210 975 4285 quae
1024 4210 1211 4260 nunc
1258 4185 1502 4262 saltem
1540 4211 1765 4287 genus
1810 4187 2199 4262 humanum
2248 4210 2390 4260 non
2439 4184 2634 4260 ducit
2676 4185 2767 4259 ad
2827 4185 3142 4273 meliora,
3163 4187 3172 4194 '
3197 4183 3319 4258 sed
3367 4207 3706 4283 magnum

682 4305 995 4404 sequitur
1026 4305 1229 4381 illum
1260 4313 1559 4381 tractum
1572 4363 1593 4395 ,
1625 4331 1835 4407 quem
1874 4307 2221 4407 ingressae
2258 4311 2424 4380 sunt
2458 4303 2976 4405 potentissimae
3009 4303 3342 4378 nationes.
3411 4295 3708 4378 Etiamsi

681 4425 789 4499 vel
837 4424 1039 4524 plura
1087 4424 1291 4500 nobis
1335 4425 1642 4501 faverent
1658 4483 1680 4515 ,
1744 4426 1877 4503 1100
1925 4424 2165 4525 negari
2204 4423 2347 4500 iam
2406 4423 2688 4523 nequit,
2738 4429 2810 4498 et
2835 4428 3174 4498 'nostrum
3220 4420 3507 4521 quidem
3554 4445 3706 4496 esse

682 4545 913 4620 locum
974 4545 1049 4618 in
1110 4544 1541 4620 humanitate
1598 4541 2063 4644 'promovenda
2087 4600 2109 4632 ,
2170 4542 2295 4618 sed
2347 4565 2512 4617 eum
2533 4597 2554 4629 ,
2609 4545 2736 4640 pr‘o
2770 4539 3046 4638 ‘exiguo
3097 4547 3332 4612 nostro
3375 4561 3665 4612 numero
3684 4597 3706 4627 ,

682 4687 911 4762 neque
970 4663 1375 4762 primarium
1436 4688 1588 4739 esse
1640 4687 1869 4762 neque
1916 4685 2274 4763 magnum.
2389 4653 2664 4736 Deinde
2709 4657 2984 4740 etiamsi
3030 4649 3247 4733 maior
3293 4655 3408 4730 ille
3455 4663 3710 4730 eetero-

686 4781 857 4880 quin
928 4807 1080 4860 esse
1145 4784 1397 4884 possit,
1462 4783 1695 4860 obstat
1751 4782 1969 4882 ipsius
2030 4781 2248 4860 nostri
2306 4765 2642 4858 sei-monis
2703 4776 3039 4880 ignoratio
3055 4834 3078 4871 ,
3141 4776 3264 4876 qui
3313 4773 3752 4852 addiscendi'
