4766 6034
1260 615 1389 681 142
2411 613 2485 683 Β.
2554 634 2720 680 'rna
2788 613 3146 681 HAAR

1258 824 1569 900 dandum
1588 881 1607 911 ,
1658 829 1781 898 aut
1826 819 2003 895 nihil
2048 843 2330 918 prorsus
2375 819 2467 896 ad
2515 845 2795 898 auream
2831 845 3070 922 pacem
3114 828 3187 897 et
3223 819 3798 920 tranquillitatem
3839 825 4229 901 revocandam

1258 952 1440 1017 esset
1502 941 1854 1042 agendum
1931 947 2003 1014 et
2063 940 2617 1039 periclitandum.
2738 943 2966 1017 Immo
3013 965 3175 1017 vero
3230 942 3456 1018 multa
3511 944 3662 1016 esse
3681 1001 3701 1030 ‚
3753 967 3934 1042 quae
3983 945 4234 1020 animum

1256 1064 1524 1138 tristem
1593 1061 2032 1138 consolentur
2094 1067 2305 1159 atque
2378 1062 2472 1136 ad
2541 1061 2877 1138 laetitiam
2951 1063 3256 1162 erigant,
3321 1069 3522 1162 grato
3567 1087 3734 1162 erga
3779 1061 4013 1138 Deum
4053 1065 4235 1140 animo

1254 1185 1712 1260 recordamur.
1810 1179 2107 1256 Etiamsi
2167 1181 2335 1258 haec
2403 1189 2640 1258 nostra
2709 1191 3020 1284 tempora
3079 1183 3302 1283 (quod
3349 1182 3673 1282 cupidius
3719 1208 3940 1282 quam
3992 1186 4177 1258 verius
4205 1213 4236 1259 a

1254 1305 1607 1382 nonnullis
1668 1304 1959 1394 factum)
2026 1301 2143 1376 vix
2202 1301 2313 1376 vel
2358 1325 2448 1376 ne
2495 1302 2612 1376 vix
2665 1302 2950 1402 quidem
2999 1301 3542 1378 Reformationis
3587 1303 4018 1402 temporibus
4053 1307 4236 1402 aequi-
4325 1368 4332 1378 .

1250 1425 1560 1525 paranda
1612 1449 2015 1501 censeamus
2040 1482 2059 1511 ‚
2122 1428 2193 1498 et
2240 1447 2428 1498 nunc
2473 1428 2707 1498 tamen
2755 1422 3104 1522 religionis
3127 1465 3174 1512 ‚·
3198 1422 3504 1497 veritatis
3545 1447 3851 1498 amorem
3869 1481 3891 1513 ,
3941 1448 4072 1521 qua
4105 1423 4240 1496 nihil

1256 1546 1562 1622 sanetius
1624 1552 1697 1620 et
1756 1544 2123 1644 pretiosius
2178 1543 2271 1617 sit
2330 1543 2733 1618 habendum
2755 1603 2774 1631 ,
2825 1545 2902 1618 in
2948 1545 3472 1619 innumerorum
3517 1542 3769 1617 animis
3819 1551 4236 1641 experrectum

1254 1693 1404 1742 esse
1426 1725 1445 1755 ,
1494 1667 1685 1766 ipsae
1726 1665 1881 1740 illae
1926 1664 2081 1740 lites
2100 1723 2121 1752 ‚
2172 1689 2347 1762 quas
2394 1664 2710 1738 dolemus
2731 1721 2752 1752 ,
2801 1689 2978 1763 quas
3017 1667 3341 1764 lugemus
3365 1721 3385 1752 ‚
3436 1685 3738 1762 quarum
3781 1688 3914 1737 nos
3941 1662 4152 1737 taedet
4187 1669 4242 1734 et

1254 1788 1517 1888 pudet,
1578 1787 1721 1861 alta
1772 1809 1935 1860 voce
1985 1792 2349 1860 testantur.
2451 1785 2538 1857 In
2590 1791 2789 1859 tanto
2839 1784 3338 1860 sententiarum
3398 1783 3690 1858 divortio
3708 1841 3727 1871 ,
3792 1783 3865 1858 in
3921 1791 4024 1857 tot
4065 1783 4237 1856 disso-

1188 1913 1191 1920 '
1250 1907 1585 1984 na'ntibus
1626 1904 2005 1980 rixantium
2043 1903 2269 1979 verbis
2290 1963 2310 1992 ‚
2360 1903 2543 1978 inter
2588 1904 2744 1978 illos
2791 1929 3070 2004 quoque
3090 1963 3110 1992 ,
3154 1904 3275 2003 qui
3323 1904 3410 1978 de
3452 1904 3697 2003 quovis
3741 1903 4129 1977 liberalioris
4163 1902 4240 1975 in-

1253 2029 1445 2129 genii
1511 2027 1860 2125 Theologo
1922 2025 2231 2124 iniquius
2294 2025 2646 2114 iudicent,
2713 2025 3015 2099 subinde
3087 2048 3228 2099 non
3301 2048 3668 2123 agnoscere
3724 2048 3867 2098 non
3927 2046 4242 2122 possumus

1253 2147 1651 2223 testimonia
1690 2154 1763 2220 et
1803 2145 2143 2220 desideria
2185 2145 2440 2220 mentis
2483 2144 2636 2218 Deo
2679 2143 3098 2242 Christoque
3151 2144 3416 2219 dicatae
3439 2203 3459 2232 ‚
3531 2169 3709 2243 quae
3745 2144 3824 2217 in
3867 2144 4037 2218 coeli
4065 2143 4242 2216 inhiat

1252 2275 1463 2368 atque
1490 2266 1767 2342 anhelat
1795 2255 2231 2342 sanctitatem
2269 2271 2341 2340 et
2378 2263 2908 2341 beatitudinem.
3009 2266 3104 2339 Et
3147 2289 3334 2340 nunc
3379 2265 3558 2339 bene
3607 2264 3870 2340 multos
3917 2309 4013 2328 -
4045 2263 4244 2362 quidni

1251 2389 1474 2464 dicam
1498 2386 1836 2486 plurimos
1856 2429 1957 2446 —-
1978 2385 2260 2484 reperiri
2282 2383 2546 2458 Christi
2573 2390 2941 2460 sectatores
2964 2442 2984 2472 ,
3035 2385 3143 2460 uti
3183 2383 3320 2458 Dei
3357 2383 3754 2483 Christique
3777 2443 3797 2472 ‚
3839 2384 3944 2459 ita
3965 2384 4242 2469 fratrum,

1251 2509 1359 2582 uti
1399 2507 1703 2584 veritatis
1722 2564 1743 2595 ‚
1791 2505 1889 2582 ita
1934 2505 2123 2604 pacis
2166 2504 2682 2581 amantissimos
2731 2530 2818 2580 ex
2861 2505 3096 2582 animo
3140 2505 3548 2604 gaudemus
3651 2505 3914 2578 Cuncti
3963 2505 4242 2602 denique,

1252 2635 1598 2728 quotquot
1668 2625 1969 2700 melioris
2030 2625 2289 2700 mentis
2358 2633 2572 2724 atque
2639 2624 2898 2700 indolis
2966 2632 3134 2700 sunt
3201 2667 3300 2682 —
3375 2624 3536 2700 licet
3598 2623 3888 2700 diversis
3939 2626 4214 2726 partibus
4227 2683 4243 2712 ,

1254 2747 1457 2840 sectis
1478 2805 1498 2835 ,
1562 2745 1965 2821 nominibus
2023 2745 2285 2821 addicti
2327 2787 2428 2805 -
2468 2747 2675 2837 licet,
2729 2747 2790 2821 si
2837 2747 3008 2822 fidei
3049 2746 3280 2846 capita
3327 2767 3616 2844 quaeras
3635 2801 3656 2832 ,
3703 2735 3855 2820 toto
3897 2747 4079 2821 coelo
4120 2771 4158 2820 a
4189 2770 4246 2818 se

1250 2867 1549 2941 invicem
1613 2865 1976 2941 dissentire
2040 2867 2388 2942 affirment
2409 2925 2431 2957 ,
2508 2875 2632 2942 aut
2701 2891 2935 2943 revera
3001 2866 3413 2942 dissentiant
3473 2907 3574 2924 -
3641 2866 3868 2965 magis
3933 2866 4246 2966 magisque

1254 2995 1491 3063 tamen
1564 2986 1637 3062 in
1708 3011 1792 3061 eo
1854 2987 2343 3077 consentiunt,
2409 2988 2674 3066 nullam
2747 3013 2897 3065 esse
2965 2988 3174 3064 fidem
3237 2987 3392 3063 Deo
3458 2992 3811 3086 acceptam
3833 3046 3857 3077 ‚
3925 2987 4056 3061 nisi
4105 2986 4247 3073 vita,

1252 3108 1451 3183 factis
1518 3106 1969 3207 moribusque
2034 3108 2572 3208 comprobatam.
2693 3110 2878 3201 Quid
2893 3169 2913 3198 ‚
2979 3108 3166 3208 quod
3224 3107 3436 3184 etiam
3479 3107 3900 3183 Pietismum
3957 3132 4108 3182 cum
4153 3106 4248 3179 fla·

1251 3238 1497 3328 grante
1565 3228 1913 3303 doctrinae
1975 3228 2496 3305 Ecclesiasticae
2561 3229 2864 3305 tuendae
2931 3228 3164 3305 studio
3222 3228 3413 3303 haud
3463 3228 3700 3303 minus
3755 3229 4058 3330 flagrans
4107 3228 4248 3299 vitae

1252 3350 1653 3427 excitandae
1716 3374 1869 3423 vere
1919 3348 2355 3424 Christianae
2413 3350 2726 3425 studium
2771 3358 2958 3426 arete
3003 3350 3441 3425 coniunxisse
3461 3408 3482 3439 ,
3533 3360 3605 3424 et
3623 3407 3642 3438 ‚
3691 3350 3766 3425 in
3809 3346 4248 3450 oppugnandis

1252 3481 1324 3546 et
1358 3468 1779 3569 corrigendis
1814 3470 2039 3544 omnis
2070 3470 2342 3570 generis
2389 3469 2603 3560 vitiis,
2649 3470 2724 3545 in
2753 3470 3217 3547 succurrendo
3239 3470 3452 3571 lapsis
3479 3479 3552 3545 et
3575 3471 3846 3547 miseris
3864 3530 3885 3561 ,
3915 3470 4244 3565 multisque

1254 3591 1405 3666 aliis
1448 3589 1850 3664 nominibus
1874 3591 2151 3690 egregie
2176 3591 2264 3665 de
2296 3591 2621 3666 societate
2651 3591 3044 3667 Christiana
3071 3592 3399 3666 meritum
3431 3614 3584 3665 esse
3613 3590 3946 3666 lubentur
3969 3591 4242 3665 fatemur.

1346 3710 1541 3800 Quae
1609 3732 1771 3783 cum
1833 3710 1933 3783 ita
1993 3711 2174 3799 sint,
2231 3713 2319 3787 A.
2364 3712 2471 3787 A!
2539 3736 2796 3813 magna
2842 3737 2959 3786 me
2999 3720 3194 3787 tenet
3249 3738 3446 3811 spes,
3511 3712 3656 3787 fore
3707 3721 3794 3785 ut
3843 3712 4012 3786 haec
4053 3716 4246 3783 nostra

1252 3838 1442 3905 aetas
1510 3829 1733 3929 magis
1798 3830 2161 3928 magisque
2224 3832 2629 3931 perspiciat,
2693 3833 2908 3908 vitam
2974 3856 3130 3909 vere
3191 3831 3656 3907 Christianam
3719 3839 3934 3932 caput
3979 3838 4051 3905 et
4093 3828 4242 3928 prin·

1252 3974 1413 4049 ceps
1478 3974 1627 4025 esse
1690 3950 1763 4023 in
1834 3949 2198 4050 religione;
2263 3951 2394 4026 hoc
2451 3977 2728 4051 quoque
2780 3953 3000 4052 ipsius
3053 3954 3219 4029 Iesu
3235 4010 3258 4041 ,
3323 3953 3571 4052 optimi
3612 3952 3988 4029 Servatoris
4003 4011 4023 4041 ,
4067 3950 4246 4024 fuisse

1252 4070 1617 4146 consilium
1682 4070 1979 4147 sublime
2050 4081 2122 4146 et
2169 4072 2373 4172 longe
2431 4073 2960 4149 saluberrimum
2984 4132 3004 4163 ‚
3075 4080 3156 4147 ut
3215 4098 3438 4173 genus
3497 4074 3880 4149 humanum
3937 4072 4030 4147 ad
4067 4070 4240 4144 virtu-

1251 4200 1396 4267 tem
1418 4251 1439 4281 ,
1488 4214 1792 4266 amorem
1842 4199 1913 4266 et
1956 4193 2393 4268 sanctitatem
2445 4193 2952 4269 informaretur.
3055 4196 3150 4269 Et
3197 4194 3543 4294 quidquid
3591 4201 3906 4269 metuant
3949 4202 4020 4268 et
4069 4190 4240 4265 refor-

1249 4313 1518 4387 mident
1580 4312 1732 4400 alii,
1804 4312 1982 4386 hanc
2048 4312 2494 4388 laetissimam
2561 4338 2756 4412 spem
2808 4339 3176 4414 nunquam
3231 4314 3406 4390 mihi
3449 4316 3622 4415 eripi
3667 4327 3874 4415 atque
3923 4339 4010 4389 ex
4048 4312 4242 4387 animo

1250 4433 1449 4505 evelli
1502 4433 1724 4530 patiar
1747 4492 1766 4523 ,
1830 4433 1929 4508 ita
1980 4433 2123 4507 fore
2141 4492 2161 4521 ,
2230 4445 2313 4508 ut
2355 4433 2510 4508 Deo
2557 4434 2958 4510 moderante
3014 4435 3414 4535 Christique
3461 4434 3784 4534 auspiciis
3827 4460 3914 4509 ex
3964 4434 4086 4507 hac
4121 4438 4239 4503 tnr-

1249 4537 1691 4627 bulentorum
1738 4561 1948 4653 atque
1985 4553 2402 4653 agitatorum
2440 4560 2832 4654 temporum
2874 4556 3334 4630 commotione
3371 4579 3591 4629 novus
3610 4613 3630 4643 ‚
3679 4555 4004 4653 idemque
4039 4548 4242 4625 melior

1250 4678 1609 4745 enascatur
1665 4697 1895 4747 rerum
1968 4675 2135 4749 ordo
2152 4733 2173 4763 ‚
2242 4699 2383 4773 quo
2442 4674 2824 4751 humanum
2877 4698 3102 4775 genus
3148 4676 3242 4751 ad
3291 4676 3724 4751 sanctitatem
3771 4672 4043 4771 Deique
4083 4668 4239 4743 simi·

1251 4788 1616 4867 litudinem
1665 4794 1947 4893 propius
1995 4794 2293 4870 accedat.
2883 4794 2892 4803 ’
