4766 6034
1761 649 2315 720 ORATIO.
3475 650 3563 718 23

535 864 646 943 Ad
705 862 964 939 bonam
1025 858 1493 936 valetudinem
1563 856 1850 934 feliciter
1914 860 2198 937 rediisse
2267 856 2829 935 Illustrissimum
2890 880 3041 933 van
3060 938 3068 946 ,
3090 860 3365 936 Ewrcx
3410 864 3558 935 toto

537 982 760 1059 animo
812 984 1172 1059 laetamur.
1270 979 1476 1059 Faxit
1522 979 1718 1054 Deus
1764 979 2072 1080 optimus
2124 980 2469 1056 maximus
2510 986 2595 1053 ut
2642 978 3065 1080 gravissimis
3110 980 3520 1058 muneribus
3539 1040 3560 1071 ‚

532 1104 618 1183 ad
655 1128 835 1203 quae
885 1108 1166 1179 vocatus
1210 1108 1318 1176 est
1340 1157 1360 1190 ,
1413 1100 1538 1175 diu
1579 1100 1784 1202 fungi
1815 1098 1918 1176 illi
1960 1103 2268 1191 eveniat;
2319 1109 2402 1175 ut
2441 1122 2565 1201 per
2610 1100 2889 1200 longam
2936 1124 3275 1180 annorum
3313 1100 3561 1177 seriem

533 1223 941 1300 Academiae
1015 1230 1290 1299 nostrae
1363 1221 1742 1297 commodis
1805 1222 2192 1323 prospicere
2260 1228 2538 1297 maneat
2600 1220 2919 1297 columen
2989 1228 3060 1297 et
3113 1222 3557 1322 praesidium.
3657 1212 3666 1219 ”

533 1345 670 1421 Vos
741 1366 984 1420 omnes
1003 1403 1024 1434 ‚
1095 1343 1247 1417 Viri
1318 1342 1814 1419 Illustrissimi!
1887 1344 2313 1420 confidenter
2330 1402 2350 1433 ,
2424 1342 2846 1442 quicumque
2885 1342 2960 1417 in
3001 1341 3133 1418 hac
3184 1342 3562 1419 Academia

529 1466 778 1543 artium
829 1466 1356 1563 litterarumque
1407 1462 1652 1539 sumus
1700 1464 2012 1541 doctores
2031 1524 2051 1554 ‚
2100 1466 2459 1541 intuemur
2502 1463 2833 1563 vobisque
2859 1463 3203 1553 nitimur,
3259 1464 3558 1562 quoties-

530 1610 826 1685 cumque
878 1594 1038 1669 vota
1086 1586 1380 1661 facimus
1426 1584 1514 1659 de
1558 1584 1976 1662 Academiae
2015 1586 2337 1685 augendo
2379 1586 2547 1660 flore
2589 1592 2661 1657 et
2712 1583 2984 1659 iuribus
3029 1584 3480 1661 vindicandis.

627 1706 1069 1807 Collegarum
1119 1705 1372 1781 deinde
1418 1704 1766 1805 frequenti
1803 1708 2216 1807 perlustrato
2253 1712 2457 1781 coetu
2474 1764 2493 1795 ,
2542 1728 2764 1804 quum
2795 1705 3109 1782 omnium
3131 1764 3150 1795 ,
3192 1706 3317 1804 qui
3358 1730 3559 1806 supe-

525 1828 696 1902 riore
767 1852 950 1902 anno
1015 1826 1178 1901 huic
1232 1826 1645 1901 celebrando
1697 1827 1837 1902 diei
1884 1826 2022 1902 huc
2069 1834 2569 1915 convenerant,
2644 1826 2918 1901 nullum
2968 1826 3281 1902 desidero
3300 1885 3321 1914 ‚
3390 1827 3557 1901 alte-

524 1972 678 2023 rum
739 1948 872 2024 hoc
934 1954 1040 2022 est
1099 1946 1290 2046 quod
1339 1946 1766 2023 vehimenter
1809 1948 1990 2022 laeto
2038 1948 2294 2048 pioque
2344 1948 2577 2023 animo
2622 1946 2797 2023 mihi
2856 1958 2927 2022 et
2978 1946 3181 2022 vobis
3231 1948 3558 2048 gratulor.

523 2071 620 2144 At
666 2067 1010 2168 imprimis
1051 2066 1248 2144 vobis
1293 2068 1601 2167 gratulor
1622 2127 1642 2158 ,
1687 2067 1839 2141 v-iri
1885 2068 2268 2143 Clarissimi
2314 2070 2679 2143 {rm-,ms
2709 2076 2779 2142 et
2807 2091 2957 2145 VAN
2978 2068 3296 2144 HnNGnL
3316 2128 3335 2157 ‚
3388 2093 3564 2167 quos

521 2189 630 2269 hic
697 2190 940 2265 adesse
959 2247 979 2279 ,
1045 2188 1420 2263 senectutis
1488 2180 1815 2264 iniuriam
1873 2214 2000 2264 nec
2043 2212 2324 2288 corpore
2370 2213 2499 2264 nec
2538 2188 2819 2288 ingenio
2868 2190 3238 2288 animoque
3288 2214 3565 2287 perpes-

524 2335 630 2385 sos
647 2368 670 2399 ,
745 2321 955 2385 nemo
1022 2309 1220 2384 adest
1241 2368 1260 2397 ‚
1331 2316 1515 2387 certe
1579 2311 1719 2385 scio
1738 2367 1759 2400 ,
1829 2309 2002 2408 quin
2071 2310 2332 2383 sincere
2377 2330 2653 2384 mecum
2698 2309 3024 2408 gaudeat.
3126 2308 3263 2382 Per
3307 2308 3566 2382 multos

519 2454 737 2505 annos
805 2436 1100 2529 uterque
1159 2429 1577 2521 Academiae
1641 2431 1964 2529 augendo
2012 2430 2362 2530 splendori
2418 2430 2632 2505 vitam
2670 2428 2949 2504 dicastis
2969 2489 2988 2518 ‚
3038 2436 3250 2527 atque
3302 2428 3564 2503 uberri-

519 2574 664 2623 mos
711 2550 940 2648 operis
985 2548 1194 2623 vestri
1242 2556 1454 2647 atque
1501 2550 1816 2626 diuturni
1868 2549 2122 2626 laboris
2170 2549 2580 2624 laetissimos
2633 2550 2903 2625 fructus
2950 2550 3299 2649 percipere
3346 2548 3563 2624 licuit.

515 2670 668 2745 Iam
729 2694 888 2745 vero
946 2669 1088 2744 otio
1141 2668 1401 2769 optime
1460 2671 1708 2745 merito
1767 2670 1962 2746 vobis
2021 2687 2344 2746 concesso
2363 2729 2382 2759 ,
2438 2671 2677 2745 otiosis
2732 2696 2894 2764 esse,
2938 2670 3132 2745 vobis
3176 2694 3317 2745 non
3367 2670 3569 2745 licere

515 2789 884 2867 censuistis
905 2848 926 2877 ,
999 2789 1122 2864 sed
1186 2789 1566 2865 multorum
1628 2792 1864 2866 studia
1935 2792 2236 2865 consiliis
2303 2792 2549 2873 vestris
2612 2792 2935 2867 adiuvare
2998 2791 3309 2891 pergitis.
3424 2790 3571 2864 Diu

516 2910 748 2985 adhuc
819 2915 1166 3009 superstes
1233 2909 1436 2985 nobis
1507 2920 1656 2987 esto
1711 2913 2072 2988 consilium
2125 2921 2431 2989 vestrum
2478 2919 2551 2987 et
2598 2913 2807 3001 ratio,
2863 2910 3237 2987 auctoritas
3290 2918 3361 2984 et
3416 2934 3571 2985 sen-

515 3033 772 3120 tentia,
839 3032 963 3106 diu
1031 3039 1258 3106 vestro
1311 3033 1628 3131 exemplo
1683 3034 2052 3109 iuvenibus
2110 3033 2378 3109 fortiter
2448 3057 2527 3109 ac
2586 3041 2864 3108 strenue
2932 3031 3319 3106 nitentibus
3389 3032 3572 3106 viam

517 3160 902 3228 monstrate
923 3211 942 3240 ‚
1002 3176 1142 3251 qua
1191 3161 1262 3226 et
1300 3153 1658 3251 proprium
1707 3155 2015 3229 excolere
2055 3153 2414 3254 ingenium
2441 3212 2458 3241 ‚
2490 3163 2584 3245 „et
2625 3153 2882 3227 civium
2922 3152 3190 3250 possint
3211 3151 3573 3226 illustrare

517 3273 812 3348 animos.
1517 3341 1528 3346 -

614 3395 714 3468 Et
779 3399 1100 3469 nostrum
1148 3415 1299 3466 van
1349 3417 1499 3467 nna
1544 3395 1756 3469 Boon
1808 3395 2114 3482 Mascn,
2162 3395 2390 3469 virum
2436 3393 2897 3468 clarissimum
2920 3452 2941 3482 ,
2992 3390 3274 3490 optimis
3324 3391 3572 3465 omini-

518 3512 652 3587 bus
727 3512 1218 3614 prosequimur
1236 3571 1256 3602 ,
1329 3514 1453 3612 qui
1521 3513 2026 3590 reminiscendo
2095 3514 2354 3590 festum
2424 3513 2624 3588 illum
2680 3513 2865 3588 diem
2932 3510 3361 3613 recognovit,
3432 3536 3576 3610 quo

519 3639 681 3710 ante
750 3634 880 3707 hos
950 3637 1042 3706 25
1109 3657 1328 3708 annos
1381 3633 1722 3708 chemiam
1786 3634 2070 3732 publica
2134 3635 2542 3710 auctoritate
2600 3634 2867 3709 tradere
2914 3634 3175 3732 coepit;
3251 3632 3373 3732 qui
3426 3632 3575 3708 dies

518 3754 619 3828 illi
691 3755 1116 3830 laetissimus
1165 3753 1456 3845 accidit,
1506 3754 1697 3855 quod
1743 3755 2044 3854 collegae
2069 3813 2089 3844 ,
2141 3754 2465 3854 discipuli
2509 3763 2580 3828 et
2625 3751 3001 3830 familiares
3034 3753 3428 3854 insignibus
3476 3753 3578 3828 ini

519 3873 914 3972 probarunt
961 3873 1304 3948 amicitiae
1367 3880 1439 3947 et
1497 3873 2024 3948 existimationis
2068 3874 2503 3950 documentis
2549 3875 2684 3948 sibi
2732 3899 2896 3948 eum
2943 3873 3130 3949 diem
3178 3873 3294 3946 vix
3340 3873 3573 3947 minus

521 4017 674 4068 esse
739 3992 1000 4067 festum
1020 4051 1040 4080 ,
1105 4000 1388 4092 gratum
1452 4002 1523 4068 et
1575 3981 1966 4069 iucundum
2009 4019 2222 4094 quam
2266 3995 2368 4070 illi
2410 3995 2564 4094 ipsi.
2666 3995 2811 4070 Diu
2852 3995 3052 4069 illum
3095 4001 3317 4068 servet
3364 3993 3571 4068 Sum·

524 4137 724 4188 mum
768 4114 1053 4188 Numen
1076 4171 1099 4201 ,
1151 4114 1284 4187 arti
1331 4137 1545 4212 quam
1597 4115 1880 4202 excolit,
1927 4114 2166 4218 amicis
2184 4173 2205 4202 ,
2257 4113 2650 4214 discipulis,
2697 4097 2979 4212 patriae.

619 4233 786 4308 Tibi
817 4259 1129 4334 quoque,
1177 4233 1284 4308 Cl.
1319 4235 1536 4308 an:
1555 4292 1575 4323 ,
1617 4242 1724 4309 est
1753 4234 1942 4334 quod
1987 4257 2170 4308 anno
2210 4235 2673 4332 praeterlapso
2720 4261 2807 4308 ex
2835 4234 3067 4309 animo
3105 4234 3569 4333 gratulemur,

523 4355 794 4454 quippe
870 4377 1016 4453 quo
1031 4413 1050 4442 ,
1125 4355 1346 4430 auctis
1417 4355 1796 4436 honoribus
1867 4355 2010 4428 tuis
2028 4413 2048 4444 ,
2123 4354 2212 4429 ab
2279 4355 2815 4429 extraordinario
2862 4355 3087 4430 factus
3124 4379 3198 4428 es
3250 4353 3567 4452 physices

521 4475 876 4572 professor
920 4474 1326 4550 ordinarius.
1387 4477 1640 4575 Itaque
1679 4475 1858 4575 grati
1901 4457 2368 4575 agnoverunt,
2415 4474 2537 4572 qui
2577 4474 2994 4550 Academiae
3040 4481 3313 4546 nostrae
3354 4471 3565 4546 rebus

521 4602 864 4692 praesunt
883 4653 904 4684 ,
945 4595 1073 4669 viri
1107 4594 1591 4685 illustrissimi,
1627 4595 1820 4696 quod
1859 4595 2062 4670 nobis
2081 4651 2101 4684 ,
2153 4595 2380 4694 quisse
2418 4594 2735 4668 novimus
2766 4601 2839 4668 et
2877 4593 3266 4693 diligimus,
3298 4591 3568 4667 iamdiu

523 4725 682 4790 erat
727 4739 1138 4814 persuasum
1158 4774 1177 4804 ,
1228 4717 1578 4816 egregiam
1623 4741 1771 4791 esse
1790 4774 1809 4805 ,
1875 4739 2016 4815 qua
2054 4713 2385 4815 physicen
2432 4722 2510 4788 tu
2556 4713 2840 4789 iuvenes
2866 4703 3128 4789 ⁴doceas
3144 4773 3163 4801 ,
3206 4712 3562 4789 rationem.

521 4834 790 4936 Perge,
817 4835 964 4911 Vir.
999 4835 1396 4912 Clarissime
1447 4837 1534 4912 de
1579 4837 1665 4912 iis
1707 4845 1778 4912 et
1822 4836 1911 4911 de
1941 4836 2318 4913 Academia
2349 4843 2585 4912 nostra
2602 4893 2622 4924 ,
2676 4842 2758 4910 ut
2799 4833 2969 4911 facis
2987 4892 3011 4925 ,
3056 4833 3237 4911 bene
3280 4833 3565 4909 mereri!
