4766 6034
1499 667 1885 736 SERIES
1951 667 2618 737 LEGTIONUM.
3451 668 3578 735 155

638 877 1019 976 Geoloytam
1080 875 1163 950 P.
1230 875 1291 952 Ι.
1361 876 1421 952 I.
1494 899 1591 950 nn
1652 876 2051 967 Fammar,
2126 879 2375 954 diebus
2449 873 2805 966 mercurii,
2872 875 3046 950 iovis
3121 883 3192 950 et
3264 877 3566 966 veneria,

536 995 1133 1218 horgedjraphiam
1198 1115 1552 1213 phyeicam
1619 1117 1701 1192 P.
1779 1120 1837 1194 Ι.
1904 1121 1965 1195 I.
2022 1143 2119 1196 nr.
2179 1122 2540 1196 Famam
2608 1116 2718 1191 bis
2788 1139 2912 1215 per
2969 1115 3240 1192 dierum
3306 1116 3566 1192 hebdo-

528 1235 852 1324 madem,
903 1235 1069 1310 hora
1117 1233 1551 1310 auditoribus
1598 1237 1985 1316 commoda.

628 1354 1261 1430 Emercitationibue
1294 1357 1788 1458 mineraloyicia
1810 1361 2134 1458 praeerit
2175 1360 2596 1436 P.1.1.1>n
2637 1360 3033 1448 Fanum,
3090 1358 3202 1433 die
3251 1361 3559 1450 saturni,

530 1475 702 1549 hora
748 1476 1025 1552 I—III.

634 1597 1123 1696 Tomicoloytam
1190 1595 1466 1673 docebit
1522 1598 1582 1673 Ι.
1634 1594 1751 1674 W.
1805 1599 2153 1676 GuNNmo
2174 1661 2195 1690 ,
2267 1601 2592 1678 Chemiae
2637 1601 2907 1690 Lector,
2954 1600 3064 1676 bis
3117 1624 3240 1700 per
3295 1600 3566 1676 dierum

528 1714 1041 1791 hebdomadem
1060 1773 1081 1806 ,
1131 1714 1298 1791 hora
1345 1716 1781 1794 auditoribus
1827 1719 2209 1798 commoda.

628 2197 687 2272 I.
740 2195 837 2271 H.
885 2196 1177 2272 Hlsenn
1200 2255 1221 2286 ,
1286 2195 1708 2272 Litterarum
1753 2196 2320 2273 Germanicarum
2356 2198 2606 2272 Lector
2623 2255 2644 2286 ,
2695 2197 2944 2272 diebus
3000 2206 3072 2272 et
3129 2199 3316 2274 horis
3366 2200 3561 2275 audi-

524 2316 801 2393 toribus
830 2317 1239 2413 }'commodis
1256 2375 1278 2406 ,
1327 2317 1640 2392 Litteras
1686 2319 2124 2392 Germanicae
2161 2325 2233 2392 et
2274 2319 2698 2394 Litterarum
2755 2320 3306 2394 Germanicarum
3362 2322 3569 2395 hieto-

522 2441 748 2529 riam,
800 2441 960 2514 inde
1000 2466 1047 2512 a
1090 2464 1220 2515 aec.
1264 2437 1575 2511 XVIII
1611 2445 1928 2536 exponet.

630 2560 694 2631 I.
753 2558 1137 2648 Vammw,
1207 2556 1631 2633 Litterarum
1693 2556 2145 2657 Angliearum
2208 2557 2479 2646 Lector,
2525 2558 2836 2634 litteras
2877 2560 3200 2659 Aaegqlieae
3246 2557 3563 2647 docebit,

526 2679 704 2752 hora
749 2677 1185 2754 auditoribus
1233 2677 1611 2753 commoda.

624 2799 709 2874 L.
759 2821 857 2872 nn
896 2800 1238 2888 qucr,
1286 2797 1749 2874 Academicus
1800 2795 2247 2898 gladiatoriae
2296 2796 2463 2872 artis
2511 2796 2890 2897 Magister,
2959 2796 3270 2896 quotidie
3315 2805 3559 2898 aptum

521 2927 597 2994 et
644 2919 1035 3019 elegantem
1081 2917 1298 3020 gladii
1344 2940 1555 2994 usum
1603 2915 1897 2994 docebit.

624 3402 1055 3477 Bibliotheca
1115 3404 1518 3479 Academica
1571 3404 1804 3478 diebus
1857 3402 2059 3509 lanae
2073 3460 2094 3490 ,
2154 3404 2430 3489 martie,
2495 3402 2845 3489 mercurii,
2905 3402 3076 3475 iovis
3125 3408 3198 3475 et
3242 3404 3512 3476 saturni
3529 3459 3550 3490 ,

521 3522 615 3595 ab
658 3522 827 3596 hora
868 3522 1050 3597 XII
1082 3524 1183 3598 ad
1214 3525 1279 3598 I
1278 3524 1367 3615 V,
1394 3526 1748 3621 feriarum
1782 3530 2005 3599 autem
2044 3530 2335 3620 tempore
2376 3522 2666 3621 einyulie
2705 3520 2938 3597 diebus
2981 3523 3155 3597 iovis
3173 3579 3194 3610 ,
3245 3523 3331 3596 ab
3390 3524 3558 3598 hora

522 3642 590 3713 I
630 3643 730 3715 ad
768 3642 938 3731 III,
985 3644 1345 3743 unicuique
1370 3644 1664 3743 patebit.
1762 3643 2075 3719 Museum
2122 3642 2540 3743 Zooquicum
2589 3642 2887 3741 quotidie
2921 3642 3216 3740 patebit.
3524 3668 3528 3673 ’

2891 4966 3044 5039 20*
