4766 6034
1103 660 1188 725 82
2303 657 2382 724 Η.
2452 658 2523 724 Ε.
2594 658 2943 727 VINKE

1099 867 1400 955 tionem,
1452 891 1592 965 qua
1633 889 1772 941 non
1815 872 2092 941 tantum
2125 864 2565 954 doctrinam,
2615 892 2658 942 a
2697 868 3030 943 Onarsro
3070 871 3457 963 acceptam,
3507 866 3979 954 tradiderunt,
4022 866 4147 939 sed

1100 1011 1359 1062 errores
1407 986 1617 1061 etiam
1657 1008 2154 1086 perversasque
2205 991 2361 1060 tum
2418 985 2880 1077 Iudaeorum,
2929 994 3086 1061 tum
3132 984 3451 1085 gentium
3505 984 3866 1086 opiniones
3920 986 4149 1083 impu·

1097 1114 1400 1207 gnarunt
1439 1114 1512 1182 et
1555 1107 1945 1185 refutarunt
1981 1107 2106 1199 40).
2183 1106 2391 1181 Unde
2436 1105 2699 1183 factum
2740 1132 2890 1183 esse
2931 1107 3246 1194 videtur,
3296 1112 3378 1180 ut
3412 1110 3457 1199 ἡ
3502 1110 3770 1193 πίστις
3816 1106 4147 1206 paucissi-

1097 1228 1231 1303 mis
1268 1228 1483 1304 locis
1463 1254 1536 1302 in
1571 1229 1664 1305 N.
1693 1230 1774 1306 F.
1817 1227 2044 1316 libris,
2086 1250 2200 1302 me
2240 1226 2525 1326 quidem
2561 1226 2831 1317 iudice,
2867 1228 3017 1303 de
2996 1228 3342 1326 ipsafidei
3376 1230 3685 1303 doctrina
3726 1226 3999 1302 dicatur
4020 1228 4147 1319 ⁴¹).

1199 1467 1340 1541 Sed
1397 1469 1470 1541 in
1535 1467 1645 1541 his
1696 1467 1982 1541 minime
2039 1467 2435 1542 subsistunt
2481 1468 2821 1568 Magister
2864 1476 2935 1542 et
2988 1467 3351 1567 Discipuli.
3454 1466 3689 1543 Altius
3742 1467 4153 1542 escendunt.

1096 1588 1470 1662 Cnmsrus
1519 1585 1706 1659 enim
1726 1644 1745 1674 ‚
1811 1611 2034 1685 quum
2091 1587 2543 1686 praecipuum
2598 1587 2688 1661 sit
2734 1588 3095 1688 Evangelii
3141 1594 3635 1686 argumentum
3659 1645 3680 1675 ,
3746 1585 4011 1684 ubique
4068 1595 4153 1661 ut

1091 1706 1546 1806 praecipuum
1587 1703 1754 1779 fidei
1797 1703 2168 1779 obiectum.
2197 1704 2540 1780 laudatur.
2643 1705 2857 1784 Quod
2904 1730 3125 1804 quum
3172 1706 3612 1783 notissimum
3658 1706 3793 1794 sit,
3846 1707 3962 1779 vix
4002 1706 4149 1781 ulla

1091 1827 1404 1929 indigere
1451 1824 1860 1925 probatione
1907 1823 2200 1901 videtur.

1191 1948 1361 2045 Ipse
1408 1971 1480 2020 se
1535 1945 1664 2020 hoc
1711 1944 1992 2037 nomine
2042 1944 2298 2019 diserte
2341 1945 2778 2043 praedicavit.
2854 1947 2941 2020 In
2994 1947 3398 2021 memoriam
3452 1945 3662 2022 modo
3706 1944 3901 2021 vobis
3950 1969 4147 2019 revo-

1095 2067 1264 2141 cetis
1313 2075 1448 2140 tum
1505 2066 1908 2165 gravissima
1927 2124 1948 2154 ,
2015 2090 2194 2163 quae
2242 2089 2421 2165 cum*
2453 2066 2525 2139 N
2528 2089 2855 2142 rconmao
2902 2068 3000 2161 ⁴²)
3020 2124 3041 2155 ,
3101 2076 3179 2141 et
3223 2066 3515 2143 muliere
3574 2067 4006 2141 Samaritana
4042 2068 4144 2157 ⁴³)

1093 2187 1342 2263 habuit
1405 2185 1745 2285 colloquia
1764 2244 1785 2274 ,
1853 2193 1990 2259 tum
2050 2209 2399 2261 sermones
2420 2245 2439 2275 ‚
2507 2210 2682 2286 quos
2732 2187 2840 2263 vel
2886 2212 3051 2262 cum
3094 2188 3506 2263 ludaeorum
3559 2186 3960 2285 proceribus
4004 2189 4149 2278 44),

1093 2308 1202 2383 vel
1245 2332 1406 2383 cum
1453 2306 1710 2407 populo
1757 2304 1854 2399 ⁴⁶)
1907 2304 2204 2380 eontulit
2219 2364 2242 2395 ,
2289 2306 2784 2407 apologeticos,
2834 2316 2971 2383 tum
3021 2332 3199 2407 quae
3246 2308 3521 2383 locutus
3564 2315 3672 2383 est
3716 2307 3809 2382 ad
3860 2332 4149 2383 coecum

1088 2428 1286 2503 illum
1304 2486 1325 2517 ,
1375 2427 1492 2503 cui
1530 2428 1758 2503 visum
1797 2428 2193 2503 restituerat
2230 2426 2737 2528 Hierosolymis
2769 2430 2866 2522 40)
2889 2486 2914 2518 ,
2962 2428 3053 2505 ad
3092 2429 3494 2504 Mamm
3513 2486 3532 2517 ‚
3585 2428 3815 2503 fratris
3852 2434 4151 2504 mortem

1091 2548 1442 2624 dolentem
1488 2550 1624 2640 47),
1687 2547 1779 2623 ad
1849 2547 2222 2647 discipulos
2241 2606 2262 2639 ,
2332 2548 2582 2625 ultima
2642 2548 2823 2625 vitae
2890 2573 3057 2623 suae
3114 2558 3314 2623 nocte
3367 2550 3497 2642 ⁴⁸).
3594 2549 3751 2623 Imo
3814 2548 4147 2623 continue

1095 2658 1474 2745 testantem
1514 2692 1678 2744 eum
1727 2666 2054 2744 audimus
2075 2726 2097 2757 ,
2159 2694 2233 2745 se
2275 2694 2463 2761 esse,
2519 2669 2635 2747 cui
2684 2670 3109 2745 credendum
3150 2669 3241 2745 sit
3286 2678 3358 2744 et
3397 2669 3473 2743 in
3515 2693 3657 2769 quo
3690 2668 3909 2743 fidem
3948 2694 4151 2745 suam

1089 2812 1422 2890 reponere
1485 2786 1787 2864 debcant
1843 2788 2156 2865 homines
2175 2848 2196 2881 ,
2255 2798 2339 2867 ut
2398 2791 2614 2867 vitam
2666 2798 3016 2867 aeternam
3056 2799 3604 2890 consequantur:
3670 2790 3860 2865 unde
3902 2812 4149 2865 omnes

1093 2909 1186 2985 ad
1233 2909 1447 2984 fidem
1499 2907 1634 2983 sibi
1679 2907 2076 2987 habendam
2123 2912 2411 2988 comiter
2457 2910 2893 3013 graviterque
2941 2910 3364 2988 adhortatur.

1186 3032 1440 3132 Neque
1499 3031 1698 3106 aliter
1751 3029 2062 3106 fecerunt
2123 3035 2479 3134 Apostoli:
2548 3035 2736 3112 Nam
2787 3058 3027 3110 omnes
3046 3093 3067 3123 ,
3119 3059 3295 3132 quas
3341 3031 3413 3109 et
3452 3056 3683 3108 coram
3717 3032 3979 3133 populo
4000 3090 4019 3121 ‚
4080 3031 4155 3106 et

1089 3175 1321 3228 coram
1381 3151 1806 3228 Iudaeorum
1868 3153 2134 3230 Senatu
2150 3213 2171 3244 ,
2233 3154 2306 3232 et
2368 3179 2600 3230 coram
2668 3155 2871 3232 certis
2930 3154 3354 3254 quibusdam
3423 3151 3827 3229 hominibus
3883 3152 4153 3228 habue-

1089 3280 1299 3364 runt,
1372 3271 1718 3349 orationes
1777 3278 1966 3349 totae
2011 3273 2086 3348 in
2142 3299 2225 3351 eo
2283 3284 2487 3366 sunt,
2534 3282 2617 3351 ut
2674 3275 3011 3376 probent,
3054 3277 3291 3351 Iasum
3337 3299 3487 3351 esse
3531 3275 3925 3350 Onmsmun
3946 3333 3967 3363 ,
4012 3274 4155 3348 Dei

1091 3393 1350 3468 Filium
1375 3451 1395 3482 ‚
1441 3392 1732 3470 unicum
1773 3393 2138 3470 hominum
2185 3396 2753 3473 conservatorem
2774 3456 2795 3485 ,
2847 3397 3337 3496 auditoresque
3376 3396 3470 3472 ad
3510 3394 3723 3469 fidem
3769 3393 3835 3469 ei
3882 3393 4151 3470 haben·

1092 3513 1255 3589 dam
1313 3513 1602 3590 incitare
1661 3521 1872 3612 atque
1943 3515 2322 3613 perducere
2372 3522 2711 3590 conentur
2728 3515 2851 3608 40).
2932 3515 3046 3589 Ita
3094 3521 3167 3589 et
3206 3513 3283 3588 in
3342 3513 3614 3613 scriptis
3664 3512 3757 3588 ad
3806 3511 4149 3586 Christia-

1094 3657 1220 3707 nos
1278 3632 1460 3708 datis
1482 3691 1502 3722 ,
1574 3633 1763 3708 idem
1834 3633 2131 3710 subinde
2191 3617 2545 3712 inculcant
2597 3634 2949 3734 fidemque
3002 3636 3334 3710 Cnmsro
3381 3632 3693 3711 habitam
3734 3633 4149 3707 confirmare

1097 3759 1168 3826 et
1224 3751 1534 3828 stabilire
1603 3752 1888 3828 student
1911 3756 2036 3849 ⁵⁰).
2115 3756 2206 3829 In
2275 3779 2416 3854 quo
2473 3755 2884 3854 exponendo
2923 3755 3125 3830 variis
3180 3761 3477 3830 utuntur
3490 3751 4151 3853 “praepositionibus

1100 3871 1515 3970 dicendique
1591 3872 1908 3948 formulis
1931 3933 1950 3962 ,
2035 3874 2129 3950 ad
2207 3877 2309 3950 rei
2386 3876 2793 3975 gravitatem
2869 3884 2940 3949 et
2962 3878 2989 3974 's
3012 3874 3549 3973 amplitudinem
3618 3872 4147 3972 exprimendam

1099 3991 1375 4096 egregie
1423 3992 1956 4068 accommodatis
1977 3995 2101 4087 ⁵¹).

1194 4230 1448 4310 Quid?
1527 4232 1718 4331 quod
1767 4233 1976 4308 altius
2031 4232 2241 4309 etiam
2291 4235 2716 4323 escendunt,
2785 4235 2874 4310 ad
2919 4238 3140 4311 Deum
3184 4235 3457 4335 ipsum,
3524 4242 3887 4332 tamquam
3944 4255 4139 4307 sum-

1090 4373 1290 4426 mum
1337 4351 1504 4428 fidei
1550 4352 1900 4428 obiectum
1948 4377 2076 4427 nos
2123 4352 2513 4429 evehentes.

1197 4501 1234 4541 ιι
1249 4473 1476 4549 Amen
1498 4532 1518 4563 ,
1572 4474 1864 4562 amen,”
1916 4473 2146 4573 inquit
2189 4473 2340 4572 ipse
2390 4473 2764 4551 Cnms'rus
2822 4504 2859 4544 ιι
2877 4474 3001 4574 qui
3049 4497 3435 4549 sermonem
3488 4496 3725 4546 meum
3771 4471 4015 4559 audit,
4066 4483 4143 4546 et

1102 4621 1138 4660 ιι
1157 4592 1374 4666 credit
1419 4594 1550 4683 Ei,
1615 4594 1740 4692 qui
1784 4618 1898 4668 me
1941 4593 2176 4684 misit,
2235 4594 2451 4670 vitam
2508 4594 2721 4671 habet
2772 4603 3118 4670 aeternam
3142 4653 3163 4683 ,
3214 4619 3443 4694 neque
3487 4595 3561 4668 in
3612 4591 4136 4668 condemnatio·

1101 4739 1139 4780 ιι
1160 4735 1322 4786 nem
1393 4713 1580 4788 venit
1602 4772 1622 4803 ,
1696 4713 1820 4790 sed
1873 4739 1912 4788 e
1969 4725 2190 4789 morte
2238 4713 2312 4788 in
2363 4715 2579 4790 vitam
2633 4717 2901 4791 transiit
2926 4717 3102 4809 ⁶²).''
3198 4744 3235 4784 ιι
3256 4715 3404 4794 Qui
3452 4739 3539 4789 ex
3584 4714 3737 4787 Deo
3790 4720 3941 4800 est,
3983 4713 4141 4786 ·Dei

1104 4861 1140 4900 ιι
1163 4829 1371 4907 verba
1415 4832 1653 4924 audit;
1707 4841 2068 4934 propterea
2121 4859 2241 4911 vos
2284 4860 2426 4911 non
2472 4835 2769 4928 auditis,
2820 4837 2985 4936 quia
3032 4861 3119 4911 ex
3178 4837 3332 4912 Deo
3380 4860 3519 4910 non
3572 4833 3740 4909 estis
3756 4834 3883 4924 ⁶³).
3986 4833 4139 4914 Qui
