4766 6034
1002 619 1087 687 78
1572 689 1583 698 ,
2059 621 2136 689 A.
2220 623 2986 694 NIERMEYER

996 827 1376 903 Ministerii
1432 827 1839 927 Euangelici
1888 828 2226 929 expositio
2246 889 2267 922 ,
2332 833 2630 932 ideoque
2681 834 2970 909 scientia
3017 855 3172 908 vere
3221 831 3319 906 sic
3374 831 3560 909 dicta
3579 890 3601 922 ,
3669 857 3853 934 quae
3909 860 4036 912 suo

997 947 1149 1023 iure
1208 947 1407 1024 iuxta
1460 953 1719 1024 ceteras
1781 947 2195 1052 Theologiae
2254 953 2578 1030 scientias
2644 954 3032 1032 collocetur.
3136 955 3339 1031 Quae
3395 978 3619 1053 quum
3686 954 3790 1032 ita
3857 956 4034 1047 sint,

998 1093 1138 1143 non
1186 1067 1313 1144 abs
1358 1092 1433 1142 re
1482 1067 2021 1145 existimandum
2037 1129 2059 1161 ,
2110 1071 2199 1146 de
2247 1071 2460 1148 huius
2509 1074 2726 1149 studii
2772 1073 3178 1150 necessitate
3225 1073 3576 1148 disserere.

1092 1189 1263 1263 ‚Pri
1271 1214 1469 1264 mum
1533 1187 1754 1289 igitur
1817 1188 2177 1267 videamus
2195 1250 2216 1281 ,
2297 1219 2628 1293 quaenam
2701 1197 3023 1270 Muneris
3083 1195 3408 1269 Minism'
3465 1195 3879 1294 Euanyelici
3939 1197 4038 1270 eit

987 1311 1171 1384 ratio
1186 1341 1218 1395 ,·
3808 1337 3816 1347 ·

1086 1430 1259 1505 Dei
1270 1454 1316 1503 n
1329 1432 1429 1504 de
1474 1428 1679 1503 nobis
1716 1429 2258 1529 persuadeamus
2278 1489 2299 1520 ,
2349 1440 2721 1507 ceterarum
2778 1433 3178 1532 Theoloffl'ae
3214 1434 3520 1530 partium
3566 1435 3860 1508 studium
3901 1457 4034 1508 non

993 1553 1294 1648 sufficere
1339 1551 1441 1624 ad
1476 1552 1881 1648 efficiendum
1898 1607 1919 1639 ,
1967 1558 2048 1625 ut
2089 1553 2244 1650 quis
2286 1553 2390 1625 ad
2425 1551 2547 1626 hoc
2591 1577 2826 1627 munus
2869 1562 3054 1629 ‘recte
3087 1554 3455 1652 gerendum
3501 1554 3885 1628 instruatur
3899 1587 3930 1638 ;

1092 1669 1321 1743 Poro·
1334 1695 1375 1742 o
1388 1726 1410 1757 ‚
1484 1670 1885 1768 Theoloyiae
1949 1669 2320 1745 Praeticae
2389 1673 2613 1746 studio
2656 1676 2976 1769 futurum
3041 1675 3414 1773 Euangelii
3477 1675 3880 1750 Mniatrum
3951 1701 4033 1750 eo

987 1792 1239 1864 instrui
1283 1787 1950 1863 animadvertamus:

1088 1911 1487 2008 Denique
1531 1907 1974 1984 observemus
1992 1966 2014 1998 ,
2060 1934 2370 2010 maynam
2419 1913 2619 1987 lanius
2656 1916 2952 1988 muneris
2989 1914 3404 2012 gravitatem
3451 1916 3714 1988 manino
3744 1938 4036 2013 poscere

986 2036 1067 2103 ut
1110 2036 1292 2104 recte
1325 2035 1637 2128 yeratur.

1084 2268 1147 2342 I.
1220 2267 1437 2347 Quod
1498 2266 1590 2342 ad
1636 2268 1957 2344 Muneris
1998 2269 2323 2342 Mnistvi
2360 2268 2777 2368 Euanyeliei
2819 2271 3148 2343 rationem
3196 2268 3446 2366 attinet
3459 2326 3480 2356 ,
3527 2268 3828 2344 breviter
3867 2293 4026 2346 eam

987 2382 1315 2462 describit
1376 2387 1705 2462 Paulus
1778 2387 2159 2486 Apostolus
2224 2387 2300 2461 in
2360 2386 2677 2484 Epistola
2717 2387 2810 2462 ad
2855 2387 3192 2487 Ephesios
3243 2391 3328 2480 1).
3403 2388 3856 2464 Christum
3901 2388 4022 2464 de-

984 2506 1170 2582 disse
1214 2507 1459 2594 docet,
1509 2513 1664 2581 tum
1702 2506 2076 2605 Apostolos
2095 2564 2115 2595 ,
2153 2513 2311 2582 tum
2347 2506 2658 2582 Profetas
2677 2564 2698 2596 ,
2738 2514 2896 2582 tum
2934 2506 3420 2607 Euangelistas
3438 2565 3460 2596 ‚
3506 2516 3664 2583 tum
3701 2509 4026 2584 Pastores

984 2635 1056 2701 et
1112 2627 1447 2702 Doctores
1466 2683 1487 2715 ,
1559 2655 1596 2696 et
1614 2625 1708 2700 ad
1770 2625 2261 2724 perfectionem
2322 2632 2718 2702 sanctorum
2734 2683 2756 2716 ,
2801 2625 2877 2701 in
2900 2621 3098 2727 'opus
3137 2626 3536 2716 ministerii,
3583 2627 3660 2702 in
3703 2627 4027 2704 aedifica·

982 2741 1245 2821 tionem
1320 2744 1621 2846 corporis
1678 2745 2092 2821 Christi.’'
2156 2748 2221 2838 ²)
2341 2744 2700 2820 Nimirum
2766 2768 2981 2821 novae
3057 2745 3235 2821 vitae
3301 2736 3758 2846 principium,
3830 2747 4024 2846 quod

979 2865 1202 2941 Filius
1262 2865 1402 2941 Dei
1461 2891 1588 2941 sua
1646 2863 1791 2940 vita
1844 2871 2129 2965 totaque
2187 2888 2482 2965 persona
2541 2865 2850 2947 humano
2914 2867 3151 2966 generi
3215 2866 3771 2944 manifestaverat
3819 2866 4026 2966 eique

982 2986 1257 3061 virtutis
1302 2985 1617 3062 coelestis
1661 2985 1945 3062 nomine
1994 2986 2412 3077 tradiderat,
2461 2992 2545 3062 ut
2562 3043 2584 3075 ,
2633 3009 2717 3062 ea
2769 2985 3028 3062 imbuti
3045 3044 3067 3076 ,
3115 3010 3355 3063 omnes
3397 2986 3722 3095 mortales
3770 2991 3844 3062 et
3885 2986 4026 3087 ipsi

976 3108 1223 3183 fierent
1280 3106 1410 3182 filii
1472 3106 1649 3197 Dei,
1720 3106 1853 3183 Illo
1920 3107 2010 3183 de
2076 3115 2255 3183 terra
2308 3107 2621 3196 sublat0,
2685 3106 2762 3181 in
2821 3106 3140 3183 omnium
3203 3106 3472 3182 animos
3529 3132 3604 3182 se
3669 3105 4026 3182 insinuare

910 3267 913 3270 ·
979 3253 1237 3329 eosque
1307 3227 1443 3302 sibi
1496 3226 1833 3303 subiicere
1880 3252 2024 3303 non
2069 3234 2381 3328 poterat,
2429 3226 2570 3303 nisi
2609 3226 2699 3303 ab
2753 3227 2907 3303 aliis
2924 3284 2946 3316 ,
2993 3252 3172 3328 opus
3212 3226 3538 3303 Auctoris
3582 3225 4022 3327 suscipienti·

976 3347 1115 3423 bus
1159 3347 1449 3447 eiusque
1488 3346 1779 3446 vestigia
1830 3348 2285 3447 sequentibus
2303 3404 2325 3436 ,
2372 3352 2531 3423 tum
2575 3346 2757 3422 vitae
2801 3369 3042 3421 eorum
3083 3346 3347 3422 ratione
3395 3353 4026 3446 repraesentaretur

976 3475 1049 3542 et
1110 3466 1745 3555 commendaretur,
1806 3474 1966 3543 tum
2024 3488 2301 3541 summa
2360 3489 2492 3563 ope
2541 3464 2748 3564 longe
2787 3464 3062 3563 lateque
3105 3466 3288 3541 inter
3329 3465 3642 3541 homines
3681 3490 4020 3566 propaga-

976 3592 1191 3661 retur.
1288 3586 1573 3660 Etenim
1640 3586 1699 3660 si
1768 3585 1937 3661 alios
2000 3585 2094 3660 ad
2158 3583 2514 3660 meliorem
2577 3584 2794 3659 vitam
2852 3583 3104 3659 ducere
3167 3585 3486 3661 volumus
3503 3643 3524 3675 ,
3595 3610 4022 3685 quocunque

978 3705 1191 3780 modo
1234 3705 1329 3780 ad
1379 3730 1531 3780 eam
1572 3705 1867 3781 excitare
1910 3710 2182 3804 oportet
2220 3728 2516 3803 eamque
2544 3702 2886 3803 imprimis
2919 3711 3155 3780 nostra
3193 3705 3502 3803 ipsorum
3539 3703 3682 3779 vita
3700 3763 3721 3794 ,
3774 3712 4021 3805 utpote

980 3825 1299 3923 exemplo
1366 3824 1457 3900 ob
1521 3825 1756 3900 oculos
1822 3824 2049 3925 posito
2064 3882 2085 3913 ,
2152 3823 2655 3899 commendare.
2769 3822 3128 3923 Sapienter
3181 3822 3400 3923 igitur
3449 3825 3488 3897 I
3503 3849 3542 3898 e
3557 3848 3591 3898 s
3607 3848 3704 3899 us
3719 3882 3742 3913 ,
3791 3848 4018 3924 quum

978 3945 1054 4019 in
1097 3944 1299 4019 terris
1345 3950 1493 4019 erat
1509 4002 1531 4035 ,
1596 3946 1951 4043 Apostolos
1992 3943 2085 4019 ad
2135 3942 2265 4019 hoc
2312 3966 2576 4018 munus
2617 3942 3052 4033 informavit,
3101 3942 3359 4041 quibus
3408 3943 3660 4018 deinde
3705 3942 4020 4019 adiuncti

1057 4216 1079 4259 ι

1058 4224 1115 4394 ²}
1172 4220 1572 4379 ξῙῖῒᾱῙὲοἰέι
1592 4222 1753 4379 ,εαξη
1774 4316 1928 4381 cur.
1981 4313 2478 4395 Muurlingio,
2535 4313 2632 4395 qui
2685 4312 2900 4395 operis,
2952 4312 3114 4374 titulo
3166 4314 3500 4375 Praktiecle
3541 4314 4018 4391 Godqeleerdkeid.

975 4416 1027 4475 I.
1083 4415 1261 4475 Gron.
1318 4416 1498 4474 1851.
1551 4410 1836 4493 inscripti,
1892 4432 2020 4493 pag.
2076 4418 2152 4474 89
2194 4412 2307 4485 ait,
2362 4412 2664 4473 Paulum
2705 4410 2898 4471 verbis-
2925 4413 3071 4489 πρὸς
3109 4412 3211 4471 τὸν
3249 4412 3645 4490 καταρτισμὸν
3681 4414 3796 4471 τῦν
3829 4411 4016 4491 dri-v

980 4516 1068 4576 εἰς
1112 4511 1278 4589 ἔργον
1319 4510 1630 4574 διακονίας
1670 4514 1761 4573 εἰς
1804 4510 2119 4585 οἶκοδομῆν
2161 4516 2267 4569 τοῦ
2309 4509 2580 4584 σώματος
2617 4513 2724 4566 τοῦ
2763 4506 3062 4585 Χριστοῦ,
3101 4504 3344 4570 iudicare
3379 4526 3521 4585 quae
3559 4506 3812 4565 Eccloeia
3852 4506 4020 4567 Chri-

979 4606 1160 4665 stiana
1212 4608 1270 4663 et
1322 4602 1617 4679 Euangelii
1656 4602 1905 4663 Ministri
1946 4605 2283 4666 coniunctim
2325 4622 2492 4681 agere
2531 4601 2787 4663 debeant.
2866 4602 2958 4661 Ex
2995 4620 3121 4661 mea
3157 4601 3433 4661 sententia
3467 4600 3700 4661 dubium
3737 4620 3854 4662 non
3893 4608 3982 4663 est
3997 4600 4040 4673 ,’

979 4699 1115 4779 quin
1148 4698 1420 4758 Paulus
1448 4698 1561 4758 hoc
1591 4696 1701 4758 sibi
1738 4698 1904 4760 velitz
1946 4701 2233 4781 Apostolis
2266 4704 2373 4761 cet.
2403 4716 2538 4781 opus
2570 4695 2862 4759 ministerii
2895 4701 2951 4759 et
2981 4694 3416 4759 aedificationem
3451 4696 3694 4779 corporis
3725 4696 4016 4760 Christi
4125 4758 4152 4791 Ι

978 4791 1240 4875 imposita
1278 4810 1427 4865 esse,
1467 4798 1531 4854 ut
1568 4791 1746 4854 sancti
1782 4792 2013 4873 perfecti
2049 4796 2206 4855 fiant.
