4766 6034
1230 639 1361 707 172
2325 637 2393 704 o.
2463 635 2738 702 sun
2805 609 3178 701 NUMA‘N

1229 847 1439 923 modo
1509 843 1677 920 iuris
1743 842 2078 919 naturam'
2130 841 2624 944 explorandam
2691 866 2842 918 esse
2911 850 3218 919 censent.
3341 839 3484 930 Hi,
3551 845 3714 914 utut
3765 839 4060 915 multum
4126 839 4209 916 in·

1230 975 1337 1042 ter
1406 989 1480 1039 se
1552 961 2033 1039 dissentientes
2052 1021 2073 1052 ,
2143 960 2231 1036 in,
2279 963 2457 1038 hanc
2515 986 2730 1037 unam
2791 959 3518 1063 interrogatiunculam
3557 959 3995 1059 conspirant,
4041 985 4212 1060 quam

1230 1107 1454 1184 nuper
1514 1085 1955 1159 Rosonnnns
1970 1141 1991 1172 ‚
2052 1081 2341 1181 scriptor
2405 1081 2493 1156 de
2551 1082 2950 1158 oeconomia
2997 1082 3276 1182 politica
3323 1080 3612 1180 eiusque
3672 1078 3958 1157 historia
3997 1080 4216 1179 optime

1232 1203 1521 1279 meritus
1539 1262 1560 1293 ‚
1628 1202 2053 1278 enunciavit:
2158 1200 2370 1291 nQuis
2433 1200 2719 1277 tandem
2781 1201 3260 1277 auctoritatem
3315 1199 3546 1276 adhuc
3603 1199 3912 1298 aliquam
3965 1187 4258 1273 fidemve

1243 1322 1549 1398 utribuat
1604 1323 1818 1417 veteri
1867 1320 1985 1396 isti
2001 1380 2022 1411 ‚
2066 1321 2112 1397 i.
2143 1345 2204 1398 e.
2256 1321 2605 1410 obsoleto,
2655 1321 2792 1395 iuri
2835 1321 3135 1398 naturali
3156 1322 3237 1395 P’'
3313 1318 3466 1395 Nec
3490 1319 3713 1394 lenius
3737 1343 3904 1394 sane
3926 1317 4218 1392 iudicium

1236 1449 1382 1530 est,
1452 1442 1642 1541 quod
1702 1442 1791 1516 de
1856 1440 2256 1540 disciplinae
2325 1439 2497 1514 iuris
2570 1440 2903 1515 naturalis
2963 1440 3126 1516 fatis
3187 1439 3612 1519 Francorum
3679 1438 3920 1536 lingua
3975 1437 4222 1536 protulit

1237 1561 1361 1660 qui
1398 1561 1489 1636 ad
1521 1560 1905 1661 principes,
1949 1585 2089 1636 non
2109 1561 2371 1660 patriae
2413 1545 2729 1648 tantum,
2757 1559 3258 1634 iureconsultos
3281 1557 3527 1632 merito
3551 1546 3845 1631 refertur
3871 1557 4221 1631 Anauros

1238 1679 1723 1756 CArnAnmus
1752 1678 2112 1754 Homus.
2220 1676 2790 1777 ‘'Replicantibus
2833 1677 3083 1752 nobis”
3099 1677 3282 1766 ,huc
3316 1676 3503 1752 enim
3527 1677 3678 1752 eius
3701 1676 3911 1752 verba
3935 1677 4226 1771 redeunt,

1248 1831 1285 1870 n
1263 1798 1649 1874 historiam
1692 1787 2271 1898 iurisprudentiae
2318 1804 2530 1894 atque
2565 1797 3032 1871 mutationum
3077 1820 3251 1896 quas
3295 1796 3428 1871 hoc
3471 1821 3612 1895 quo
3653 1795 3950 1870 vivimus
3997 1796 4226 1870 saeculo

1244 1918 1546 2008 nsubiit‚
1598 1917 2045 1992 manifestum
2092 1923 2199 1991 est
2244 1915 2675 1992 nonnullas'
2653 1939 2797 1991 imo
2848 1915 3105 1990 multas
3151 1915 3302 1989 eius
3349 1923 3579 2015 partes
3623 1941 3668 1989 a
3707 1915 4080 1990 maioribus
4117 1923 4228 1988 tra-

1247 2069 1284 2108 n
1292 2038 1471 2112 d1tas
1532 2061 1931 2128 evanescere
1949 2094 1970 2125 ,
2036 2037 2369 2135 novisque
2429 2035 2787 2112 elementis
2847 2034 3204 2148 proprium
3261 2035 3488 2110 locum
3529 2043 3601 2110 et
3647 2035 3832 2110 viam
3873 2034 4228 2110 concedere.

1245 2160 1400 2232 nIta
1418 2216 1439 2247 ‚
1484 2165 1564 2232 ut
1600 2156 1728 2231 hoc
1768 2181 1987 2232 unum
2024 2155 2315 2232 excitem
2338 2213 2359 2244 ‚
2409 2155 2749 2230 naturalis
2783 2153 2904 2230 illa
2938 2179 2981 2230 a
3017 2157 3308 2230 Gno'no
3335 2160 3409 2244 et
3426 2155 3954 2230 Purnnnonno
3995 2153 4234 2229 condita

1226 2276 1455 2366 ⁸niuris
1504 2275 1789 2351 scientia
1835 2276 1932 2351 sic
1983 2301 2026 2351 a
2068 2300 2226 2351 vera
2270 2273 2535 2350 ratione
2586 2273 2780 2374 lapsa
2823 2273 3096 2348 videtur
3134 2281 3216 2348 nt
3267 2275 3512 2349 eadem
3551 2275 3618 2349 ei
3667 2299 3816 2349 sors
3867 2274 4204 2348 immineat
4217 2332 4233 2360 ,

1239 2421 1497 2495 nquam
1554 2396 1923 2496 astrologia
1940 2455 1962 2485 ,
2032 2395 2377 2494 alchymia‘
2391 2453 2413 2484 ,
2483 2392 2602 2470 alii
2668 2393 2873 2469 multi
2927 2393 3212 2470 audacis
3277 2393 3488 2470 simul
3549 2400 3622 2467 et
3685 2394 3847 2468 vani
3911 2393 4235 2472 hominum

1208 2515 1549 2615 ·ningenii
1618 2522 1906 2590 conatus
1970 2513 2377 2590 subierunt·
2457 2513 2763 2614 Tempus
2835 2539 2918 2590 ea
2981 2514 3216 2590 omnia
3273 2513 3364 2589 ad
3418 2513 3838 2588 oblivionem
3895 2513 4234 2588 damnavit.

1242 2633 1553 2708 ttPafiter
1610 2632 1781 2707 iuris
1848 2632 2183 2708 naturalis
2244 2631 2556 2708 doctrina
2627 2633 2852 2732 magis
2909 2632 3274 2732 magisque
3330 2633 3550 2733 perit,
3615 2633 3888 2733 aliaque
3952 2633 4039 2707 de
4099 2631 4238 2705 iuris

1244 2760 1537 2827 'matura
1604 2751 1947 2830 sentiendi
1998 2750 2175 2826 ratio
2220 2751 2494 2828 aditum
2537 2749 2674 2827 sibi
2721 2751 2814 2828 ad
2859 2752 3242 2827 multorum
3293 2777 3494 2828 aures
3543 2753 3956 2851 animosque
4003 2751 4236 2850 parat.'’

1236 2872 1451 2948 Mitto
1533 2871 1702 2947 ahos
1786 2895 2075 2947 numero
2143 2872 2412 2970 plures:
2497 2871 2622 2947 sed
2700 2871 3046 2948 audienda
3115 2871 3514 2948 etiamnunc
3585 2873 3868 2948 Suum
3935 2896 4066 2947 vox
4119 2876 4238 2955 est,

1238 2990 1631 3092 philosophi
1672 3016 1716 3066 a
1749 2990 1991 3066 multis
2037 2991 2404 3081 contemti,
2452 3016 2495 3068 a
2533 2990 2728 3067 nullo
2771 2993 3259 3069 contemnendi
3276 3052 3298 3083 ,
3340 3019 3504 3069 eum
3546 2991 4081 3094 philosophandi
4117 3015 4241 3067 mo-

1115 3180 1119 3184 .
1240 3112 1411 3189 dum
1460 3135 1649 3186 nunc
1692 3110 2005 3185 fatiscere
2044 3112 2431 3211 profitentis
2471 3136 2612 3212 quo
2651 3121 2726 3187 et
2762 3137 2994 3187 rerum
3033 3119 3283 3190 natura
3323 3121 3396 3188 et
3429 3114 3696 3189 indoles
3735 3114 4044 3189 hnmana
4069 3112 4240 3187 unice

1239 3257 1277 3306 e
1339 3232 1604 3307 ratione
1668 3229 1967 3305 hominis
2025 3230 2438 3330 legibusque
2481 3238 2554 3305 et
2602 3230 3122 3308 definitionibus
3170 3232 3416 3335 logicis
3461 3233 3860 3309 deriventur
3903 3234 4241 3331 omniaque

1237 3352 1561 3426 instituta
1618 3349 1893 3425 socialia
1960 3350 2052 3425 ad
2112 3357 2641 3451 praeconceptae
2670 3351 3026 3428 'formulas
3073 3362 3576 3453 componantur
3621 3362 3830 3453 atque
3881 3354 4238 3453 exigantur.

1238 3472 1381 3547 Hic
1423 3471 1607 3545 enim
1652 3468 1903 3543 modus
1942 3476 2351 3569 perpetuam
2392 3492 2706 3569 pugnam
2747 3470 2962 3546 vitam
3007 3472 3189 3548 inter
3225 3479 3437 3572 atque
3475 3472 3885 3572 imperiosae
3923 3472 4240 3547 doctrinae

1237 3589 1585 3688 postulata
1643 3587 1985 3663 excitavit.
2086 3588 2290 3663 Idem
2354 3595 2592 3664 autem
2659 3596 2938 3665 tantum
2988 3591 3188 3667 abest
3232 3598 3314 3665 ut
3363 3590 3868 3691 philosophiam
3915 3592 4238 3691 negligen-

1239 3709 1406 3783 dam
1462 3707 2072 3805 improbandamve
2121 3708 2514 3797 existimet,
2577 3716 2660 3783 ut
2701 3709 3140 3787 vehementer
3188 3711 3416 3788 doleat
3464 3710 3676 3786 huius
3720 3711 4036 3787 studium
4081 3734 4238 3785 nunc

1242 3826 1469 3902 ubivis
1513 3826 1655 3901 fere
1700 3825 1918 3900 iacere
1968 3834 2404 3925 aetatemque
2442 3836 2781 3918 nosti-w,
2827 3836 3057 3929 spreta
3094 3829 3212 3907 illa
3251 3830 3566 3906 omnium
3598 3830 4030 3905 nobilissima
4063 3829 4236 3905 disci-

1236 3947 1426 4047 plina
1442 4005 1463 4036 ,
1514 3970 1630 4021 eas
1678 3945 1977 4021 maxime
2026 3944 2356 4025 honorare
2403 3953 2475 4020 et
2518 3947 2738 4023 colere
2757 4006 2777 4036 ,
2846 3974 3026 4048 quae
3071 3950 3535 4050 cognitionem
3579 3958 3652 4025 et
3704 3949 4064 4024 scientiam
4107 3973 4235 4048 per·

1235 4074 1615 4165 sequantur
1680 4089 1916 4139 earum
1984 4090 2212 4143 rerum
2291 4092 2471 4166 quae
2541 4067 2742 4143 unice
2809 4078 3184 4168 appareant
3243 4078 3317 4145 et
3359 4077 3728 4145 cernantur
3748 4128 3768 4157 ‚
3819 4092 4130 4168 quaeque
4173 4067 4232 4139 in

1236 4187 1437 4263 factis
1496 4185 1759 4285 positae
1819 4184 1929 4259 vel
1982 4184 2075 4259 ad
2130 4192 2346 4259 artem
2399 4185 2846 4262 factitandam
2900 4212 3246 4286 usumque
3298 4187 3476 4263 vitae
3523 4187 3876 4285 vulgarem
3929 4198 4002 4259 et
4051 4209 4230 4283 quse-

1236 4315 1549 4381 stuosum
1592 4303 1879 4379 idoneae
1924 4303 2303 4381 videantur.
2403 4304 2558 4394 Qua
2596 4306 2944 4404 quidem
2921 4330 2998 4380 ιιι
3039 4332 3115 4381 re
3151 4332 3264 4381 me
3299 4307 3400 4381 ita
3443 4305 3967 4381 dissentientem
4013 4288 4228 4387 habet,

1236 4436 1319 4501 ut
1389 4424 1819 4513 existimem,
1887 4422 2073 4523 ipsas
2136 4423 2289 4499 illas
2357 4423 2703 4539 doctrinas
2754 4420 3272 4517 sublimioribus
3329 4425 3579 4500 studiis
3625 4431 3960 4524 perpetuo
4010 4422 4228 4499 nobili·

1233 4544 1481 4621 tandas
1544 4568 1731 4631 esse,
1795 4542 1985 4642 quod
2030 4542 2171 4617 veri
2213 4534 2452 4618 earum
2505 4526 2916 4642 profesbores
2964 4542 3186 4619 facere
3239 4545 3500 4633 solent,
3567 4543 3692 4621 sed
3737 4552 3969 4618 tamen
4017 4542 4226 4615 florem

1236 4674 1306 4739 et
1372 4664 1639 4738 fructus
1706 4687 1881 4762 quos
1944 4662 2225 4763 pariunt
2292 4663 2554 4763 quique
2609 4662 2932 4738 immensi
2987 4672 3189 4755 sunt,
3232 4664 3682 4763 philosophae
3741 4664 4052 4738 methodo
4111 4682 4230 4757 qua

1233 4789 1737 4883 pertractantur
1794 4788 1955 4857 ante
1998 4783 2230 4859 omnia
2281 4782 2554 4860 debere.
2653 4784 2906 4882 Itaque
2953 4808 3068 4859 me
3121 4783 3350 4861 iudice
3367 4841 3390 4875 ,
3453 4806 3693 4861 earum
3735 4780 4228 4881 disciplinarum
