4766 6034
1964 633 2519 702 ORATIO.
3678 637 3765 707 23

751 845 1150 920 allectione
1171 899 1191 930 ,
1239 847 1314 916 et
1350 840 1793 916 Bibliotheca*
1826 841 2336 940 pretiosissima.
2440 841 2697 917 Omnia
2738 865 2822 915 ea
2862 841 3286 940 perlustrans
3310 899 3329 931 ,
3378 843 3761 918 Praefecto-

733 987 888 1040 rum
933 961 1226 1035 miratus
1267 982 1426 1032 sum
1467 982 1704 1032 curam
1749 965 1821 1032 et
1863 959 2292 1058 diligentiam
2309 1017 2329 1048 ,
2378 983 2461 1034 ac
2507 984 2741 1035 rerum
2784 985 3113 1061 magnam
3144 960 3446 1063 copiam,
3494 969 3760 1062 aptam-

734 1107 871 1184 que
932 1079 1472 1180 dispositionem.
1571 1079 1806 1154 Multa
1869 1078 2010 1152 vidi
2024 1136 2047 1168 ,
2115 1077 2372 1178 quibus
2430 1079 2707 1179 singula
2777 1079 2987 1155 hocce
3041 1103 3224 1156 anno
3286 1085 3491 1158 aucta
3556 1089 3723 1156 sunt
3737 1139 3761 1174 ,

735 1202 857 1278 sed
925 1208 1085 1276 vota
1154 1198 1364 1273 etiam
1429 1197 1664 1274 audivi
1679 1255 1698 1286 ,
1770 1206 1928 1272 vota
1987 1198 2306 1298 urgentia
2320 1256 2340 1287 ,
2406 1205 2489 1272 ut
2541 1223 2719 1296 quae
2766 1200 3250 1275 desiderantur
3263 1259 3284 1290 ‚
3332 1241 3433 1260 -—
3480 1209 3551 1276 et
3596 1203 3765 1278 haec

733 1346 873 1398 non
917 1342 1137 1421 pauca
1178 1343 1329 1394 esse
1375 1317 1759 1417 intelligitis
1783 1375 1802 1406 ,
1850 1357 1952 1378 -—·
1994 1317 2188 1392 brevi
2233 1318 2689 1392 emendentur
2705 1376 2726 1407 ‚
2774 1327 2901 1395 aut
2955 1321 3279 1420 deinceps
3320 1320 3687 1396 addantur.

831 1441 994 1516 Alia
1051 1463 1253 1539 porro
1308 1438 1425 1514 alii
1472 1461 1594 1536 per
1637 1438 1894 1512 multos
1936 1461 2153 1512 annos
2207 1438 2463 1513 frustra
2510 1445 2823 1536 petentes
2868 1446 3217 1538 exoptant.
3318 1440 3769 1516 Desideratur

738 1586 798 1635 v.
841 1586 899 1636 c.
959 1561 1324 1657 hucusque
1371 1560 1684 1632 Muscam
1743 1559 2144 1632 Anatomiae
2191 1565 2654 1656 comparatae,
2703 1584 2783 1633 ac
2827 1559 2954 1633 Vir
2998 1557 3542 1659 celeberrimae,
3591 1560 3771 1634 hanc

737 1679 1189 1778 Disciplinam
1255 1678 1508 1752 docens
1579 1676 1806 1750 dicam
1863 1700 1952 1752 an
1994 1677 2226 1776 potius
2273 1701 2525 1750 ornans
2545 1735 2563 1765 ‚
2615 1678 3079 1754 Prosectorem
3132 1679 3446 1754 nondum
3487 1679 3768 1778 accepit.

690 1879 698 1888 ,
737 1799 843 1875 Ac
899 1800 1175 1872 Ghemia
1219 1805 1393 1895 quot
1440 1804 1839 1895 quantaque
1889 1821 2014 1870 suo
2051 1796 2206 1894 jure
2258 1797 2599 1893 postulat!
2652 1799 3094 1873 Laboratorii
3142 1798 3445 1898 spatium
3491 1798 3776 1872 minime

741 1919 1048 1992 sufficere
1109 1918 1385 1991 videtur
1442 1916 1528 1989 iis
1549 1973 1568 2004 ,
1636 1916 1762 2015 qui
1818 1916 1893 1990 in
1956 1915 2084 1990 hac
2135 1915 2521 2015 Disciplina
2585 1941 2863 2016 operam
2906 1924 3178 2016 ponunt
3192 1950 3210 2006 ;
3272 1916 3630 2019 angustior
3672 1927 3779 1990 est

740 2036 928 2112 locus
1000 2036 1324 2110 Chemicic
1370 2039 1825 2133 praeparatis
1889 2035 2279 2123 servandis;
2343 2035 2689 2110 conclavia
2737 2060 2941 2134 porro
2959 2095 2980 2125 ‚
3044 2060 3133 2112 an
3182 2036 3452 2111 stabula
3503 2035 3729 2110 dicam
3757 2093 3777 2124 ,

739 2156 1020 2244 intravi,
1092 2162 1278 2230 arcta
1337 2161 1408 2228 et
1471 2153 1762 2230 humida
1783 2201 1839 2243 ,-
1869 2154 2126 2252 quibus
2185 2155 2649 2230 instrumenta
2706 2164 2779 2230 et
2820 2156 3115 2256 insignis
3158 2156 3517 2255 suppellex
3560 2155 3775 2230 conti-

741 2282 994 2350 nentur
1012 2333 1032 2363 ,
1101 2275 1210 2349 vel
1271 2273 1504 2372 potius
1571 2282 2098 2372 corrumpuntur.
2201 2274 2399 2348 Haec
2467 2298 2631 2349 sane
2653 2332 2673 2363 ,
2733 2275 3113 2352 Academia
3174 2274 3410 2349 nostra
3452 2273 3743 2373 indigna
3760 2332 3780 2362 ,

741 2418 1064 2495 praesens
1121 2400 1416 2491 poscunt
1485 2393 1824 2467 auxilium
1842 2451 1863 2482 ,
1928 2416 2070 2466 non
2127 2400 2405 2467 tantum
2456 2417 2545 2466 ne
2603 2393 2771 2468 haec
2828 2393 3205 2494 majoribus
3254 2394 3329 2468 in
3375 2392 3525 2467 dies
3574 2393 3781 2468 detri-

742 2513 996 2589 mentis
1065 2513 1454 2599 afficiantur
1471 2569 1492 2601 ,
1566 2513 1690 2586 sed
1757 2518 1839 2587 ut
1898 2512 2068 2586 haec
2130 2511 2517 2610 Disciplina
2570 2511 2881 2610 aliaeque
2900 2571 2920 2602 ,
2984 2521 3068 2587 ut
3116 2512 3322 2601 alibi,
3384 2512 3515 2587 rite
3568 2512 3787 2587 excoli

743 2633 1030 2734 possint.

843 2753 1136 2828 Gaudeo
1215 2758 1450 2826 tamen
1473 2808 1494 2837 ,
1563 2750 1972 2842 Auditores!
2043 2776 2184 2828 non
2243 2736 2421 2852 opus
2478 2775 2629 2826 esse
2648 2810 2668 2841 ‚
2739 2758 2824 2826 ut
2888 2777 3174 2853 querens
3240 2751 3516 2827 dicendi
3571 2751 3787 2825 finem

745 2870 1012 2948 faciam.
1113 2870 1162 2943 J
1165 2869 1544 2946 ucundiora
1596 2894 1848 2971 nempe
1895 2874 2316 2948 Medicorum
2365 2870 2619 2946 Ordini
2667 2870 3127 2970 contigerunt.
3229 2871 3350 2946 Ad
3399 2869 3791 2946 Medicinae

745 2991 1255 3067 institutionem
1319 2983 1699 3089 juvandam
1772 3016 1996 3067 rerum
2071 2992 2785 3067 Pharmaceuticarum
2860 2997 3232 3089 apparatus
3315 2990 3525 3066 hocce
3608 3014 3791 3065 anno

746 3111 1165 3187 Academico
1211 3108 1443 3208 colligi
1487 3116 1774 3207 coeptus
1803 3118 1920 3185 est
1939 3170 1957 3200 ‚
2021 3111 2143 3210 qui
2187 3117 2270 3185 ut
2319 3110 2577 3185 sensim
2624 3116 2963 3207 augeatur
3009 3119 3081 3182 et
3124 3110 3582 3208 amplificetur
3626 3134 3791 3184 sane

753 3230 1136 3327 optandum
1186 3237 1294 3304 est
1338 3230 1460 3321 ⁴³).
1564 3230 1652 3301 In
1697 3229 1938 3326 primis
1979 3238 2214 3304 tamen
2258 3230 2413 3303 volo
2452 3229 2575 3301 diu
2616 3225 2758 3326 jam
2810 3227 3152 3325 agitatum
3200 3228 3567 3302 consilium
3609 3230 3787 3303 Aca-

753 3350 1013 3422 demiae
1092 3349 1417 3447 Urbisque
1483 3346 1883 3421 Nosocomia
1941 3348 2303 3448 jungendi.
2404 3347 2515 3421 De
2583 3344 3094 3421 conditionibus
3114 3404 3133 3434 ,
3210 3346 3469 3445 quibus
3530 3370 3791 3421 novum

751 3468 960 3542 hocce
1021 3474 1092 3541 et
1156 3468 1455 3565 amplius
1524 3466 2021 3543 Nosocomium
2077 3467 2520 3543 condendum
2578 3466 2702 3554 sit,
2765 3464 3184 3539 Academiae
3237 3464 3605 3540 Curatores
3655 3466 3789 3540 Ur-

752 3585 1000 3685 bisque
1073 3584 1534 3684 Magistratus
1601 3585 1897 3661 invicem
1958 3594 2459 3676 convenerunt,
2540 3608 2798 3683 eaeque
2866 3584 3294 3660 conditiones
3352 3608 3541 3659 nunc
3604 3586 3791 3686 Leqe

757 3704 1057 3780 sancitae
1121 3713 1287 3780 sunt
1334 3706 1430 3798 ⁴⁴)
1443 3764 1458 3779 .
1557 3705 1848 3781 Dictum
1913 3732 2079 3807 ergo
2139 3707 2503 3782 consilium
2566 3730 2754 3779 nunc
2819 3703 3059 3803 peragi
3101 3712 3340 3801 potest
3356 3763 3375 3793 ,
3441 3712 3513 3779 et
3577 3728 3790 3804 quam

754 3823 1059 3921 primum
1098 3823 1190 3898 ad
1240 3830 1564 3897 eventum
1605 3823 2058 3923 perducatur!
2144 3825 2367 3923 Urget
2408 3830 2479 3897 et
2519 3822 2635 3897 hic
2674 3824 3066 3898 necessitas.
3162 3824 3355 3914 Quae
3398 3824 3583 3899 euim
3624 3824 3788 3898 sub-

757 3941 934 4017 sidia
979 3942 1366 4042 Disciplina
1411 3943 1716 4041 postulet
1752 3943 2133 4042 jubeatque
2151 4001 2171 4032 ,
2221 3942 2533 4018 aedificia
2549 3999 2569 4029 ,
2620 3950 2692 4015 et
2724 3942 2799 4015 in
2844 3943 2953 4017 his
2998 3943 3553 4043 splendidissima
3567 4001 3587 4032 ,
3634 3950 3790 4016 tum

671 4106 677 4109 -
758 4067 828 4134 et
892 4061 967 4134 in
1040 4062 1276 4135 Patria
1341 4062 1620 4137 condita
1636 4120 1656 4150 ,
1733 4062 2098 4138 manifesta
2178 4062 2501 4137 reddunt.
2649 4060 3063 4160 eujusmodi
3129 4062 3189 4135 si
3250 4064 3421 4137 alibi
3476 4062 3791 4136 videmus

747 4188 1105 4270 ¹exstructa
1124 4240 1144 4271 ,
1206 4184 1454 4281 quidni
1501 4183 1612 4257 hic
1629 4240 1649 4271 ,
1709 4189 1779 4257 et
1832 4208 2004 4257 nunc
2046 4182 2448 4281 praesertim
2465 4240 2484 4269 ,
2533 4181 3007 4255 retardemus?
3084 4180 3290 4255 Brevi
3335 4206 3499 4281 ergo
3540 4181 3613 4254 in
3660 4180 3789 4254 hac

759 4299 949 4375 Urbe
1007 4326 1238 4375 novum
1294 4302 1503 4377 etiam
1559 4302 2104 4400 contemplemur
2162 4302 2621 4375 Nosocomium
2679 4300 3093 4377 Academiae
3111 4360 3131 4391 ,
3196 4325 3374 4398 quae
3434 4297 3789 4375 Medicina

759 4420 1046 4496 colenda
1091 4421 1266 4497 adeo
1311 4422 1673 4511 inclaruit,
1720 4420 1995 4520 insigne
2044 4420 2256 4495 decus
2305 4426 2376 4493 et
2424 4418 2843 4517 praesidium
2863 4421 2903 4494 1·
