4766 6034
1214 590 1346 655 294
1689 634 1693 638 ⁴
2261 627 2268 634 ·
2416 591 2486 656 E.
2554 592 2613 658 J.
2683 592 3053 671 KIEHL,

1209 821 1444 874 nnuve
1510 797 1733 872 dicam
1753 853 1773 884 ‚
1825 795 1948 872 sed
2005 795 2574 872 Xnnornonrssu
2592 855 2611 885 ‚
2662 797 2857 872 verbi
2898 823 3107 874 causa
3129 855 3149 888 ,
3200 814 3411 896 quam
3464 796 3928 872 Gonsanvtm
3976 796 4209 872 Cordu-

1209 915 1494 992 bensem
1531 915 1810 992 maioris
1849 939 1999 990 esse
2035 913 2372 990 momenti
2408 913 2545 988 nisi
2568 914 2766 990 Italis
2807 922 2879 990 et
2920 914 3259 1016 Hispanis
3298 913 3640 988 contendo
3661 971 3682 1002 ‚
3732 923 3807 990 et
3846 913 4093 1003 fateor,
4136 941 4213 990 ex

1207 1059 1364 1111 mea
1427 1036 1747 1136 opinione
1822 1037 2144 1110 Homnao
2210 1035 2437 1134 magis
2500 1034 2952 1112 tribuendum
3030 1060 3180 1110 esse
3242 1033 3333 1110 ab
3398 1031 3927 1108 humanioribus
3944 1092 3963 1122 ,
4026 1058 4215 1131 quam

1205 1275 1564 1351 Caaomm
1603 1275 1946 1348 Mannum
1965 1329 1986 1361 ,
2035 1297 2253 1371 eoque
2313 1296 2453 1347 non
2500 1274 2725 1372 magis
2766 1272 3163 1370 fabulosum
3202 1273 3605 1348 Britanniae
3647 1297 3887 1372 regem
3938 1275 4215 1349 Amnu-

1203 1417 1378 1469 nnM.
1481 1393 1762 1472 Quibus
1803 1391 2198 1467 Vlacrmus
2257 1391 2527 1479 sordet,
2578 1400 2649 1466 et
2702 1393 3165 1481 Sornocmss,
3214 1392 3267 1466 ii
3312 1392 3951 1491 ingeniosissimum
3996 1417 4212 1492 quem·

1203 1537 1340 1612 que
1405 1537 1445 1588 e
1505 1511 2001 1588 recentioribus
2066 1510 2465 1611 scriptorem
2528 1510 2875 1610 deligant,
2927 1512 3049 1588 sed
3096 1511 3347 1586 misere
3394 1523 3859 1610 coarguantur
3874 1569 3895 1601 ,
3948 1513 4008 1586 si
4054 1511 4215 1610 frag-

1201 1638 1520 1708 mentum
1581 1631 1863 1730 aliquod
1928 1629 2142 1704 medii
2209 1629 2358 1704 aevi
2433 1629 2736 1705 tenebris
2804 1639 3119 1730 ereptum
3188 1655 3273 1706 eo
3328 1630 3552 1706 solum
3602 1631 3889 1706 nomine
3936 1631 4218 1732 antiquis

1201 1756 1645 1850 anteponant.
1744 1748 2093 1850 Equidem
2160 1771 2274 1824 me
2347 1749 2439 1823 ab
2510 1749 2945 1825 Athenarum
3012 1750 3365 1850 republica
3436 1749 3511 1823 in
3568 1750 3777 1826 aliam
3834 1750 3946 1826 vel
4008 1751 4217 1826 minus

1200 1870 1587 1968 elegantem
1644 1868 1912 1943 avocari
1961 1867 2284 1942 facillime
2330 1867 2555 1966 patiar
2572 1926 2593 1957 ,
2644 1869 2851 1944 modo
2892 1870 2968 1944 in
3023 1861 3355 1946 maiorem
3401 1878 3474 1944 et
3518 1870 3925 1946 severiorem
3940 1929 3961 1957 ‚
4012 1893 4219 1972 neque

1199 2013 1242 2066 a
1313 1989 1789 2064 Romanorum
1855 1986 2145 2086 imperio
2207 1986 2282 2061 in
2352 1988 2620 2062 minus-
2658 1990 2971 2088 amplum
3030 1989 3389 2096 decederex
3414 1989 3747 2064 recusabo
3766 2047 3787 2079 ,
3847 1989 4219 2066 dummodo

1203 2106 1587 2206 elegantius
1664 2106 1792 2196 sit,
1865 2113 1938 2179 et
1999 2106 2354 2204 aequiores
2415 2106 2517 2181 ibi
2578 2108 2767 2207 leges
2827 2107 3212 2196 inveniam3
3288 2107 3383 2184 ad
3440 2107 3939 2208 Longobardos
4002 2116 4218 2185 autem

1065 2297 1113 2308 ..
1199 2250 1362 2302 suos
1437 2232 1508 2301 et
1581 2225 1850 2300 Gothos
1913 2233 1984 2300 et
2049 2223 2403 2302 Vandalos
2460 2251 2603 2302 non
2677 2227 2815 2304 nisi
2880 2227 3375 2302 invitissimum
3428 2227 3704 2302 trahent
3740 2227 3847 2302 illi
3888 2230 4221 2327 optimum

1199 2369 1568 2446 quemque.
1635 2343 2034 2420 Vivendum
2071 2345 2667 2446 laborandumque
2702 2354 2849 2436 est,
2898 2347 3029 2422 hoc
3068 2346 3235 2422 satis
3268 2369 3611 2445 superque
3644 2345 3789 2422 iam
3821 2355 3895 2421 et
3930 2346 4223 2424 concessi

1195 2587 1288 2662 ad
1339 2585 1868 2684 praeteritorum
1927 2583 2284 2660 scientiam
2333 2585 2466 2660 erit
2518 2525 3049 2675 recurrendum,
3114 2584 3283 2660 haec
3330 2591 3565 2660 nostra
3608 2584 3996 2684 antiquitas
4042 2609 4223 2684 prae·

1195 2705 1384 2778 teriti
1431 2704 1760 2803 temporis
1807 2704 2012 2802 longe
2058 2711 2378 2802 praestan
2386 2705 2651 2784 tissima
2697 2705 3027 2782 continet.

1289 2823 1422 2897 Est
1477 2823 1688 2898 etiam
1750 2823 1942 2900 aliud
2003 2822 2175 2922 quid
2238 2849 2279 2899 e
2327 2825 2723 2902 celsissimis
2738 2883 2761 2915 ,
2818 2849 2960 2925 quo
3014 2822 3457 2924 splendemus
3505 2830 3577 2896 et
3636 2823 4023 2923 gloriamur
4044 2882 4065 2913 ,
4114 2824 4225 2899 sed

1187 2942 1267 3019 id
1313 2943 1548 3043 ipsum
1589 2943 1762 3020 adeo
1802 2943 2228 3044 praeclarum
2249 3001 2270 3034 ,
2321 2952 2404 3021 ut
2454 2969 2583 3023 nec
2636 2945 2787 3023 sine
2842 2944 3036 3021 omni
3100 2942 3365 3019 invidia
3424 2941 3561 3017 dici
3611 2942 3755 3019 fere
3798 2943 4065 3044 possit,
4112 2967 4227 3019 nec

1189 3063 1572 3161 possimus·
1601 3063 1736 3138 nisi
1798 3063 2199 3163 paucissimi
2247 3072 2561 3141 nostrum
2605 3066 2809 3165 longe
2858 3062 3417 3141 excellentissimi
3472 3062 3651 3140 h'anc
3699 3063 3987 3139 laudem
4036 3062 4223 3139 tueri.

1188 3184 1567 3259 Exsultans
1616 3183 1932 3275 videmus
1973 3184 2328 3259 saeculum
2374 3192 2691 3261 nostrum
2711 3242 2734 3274 ,
2782 3183 2972 3284 quod
3015 3184 3456 3283 inventorum
3505 3182 3702 3283 copia
3720 3238 3743 3271 ,
3790 3190 3865 3257 et
3912 3182 4227 3259 humani·

1191 3288 1358 3379 tatis
1424 3303 1761 3381 latissima
1826 3303 2196 3381 diffusione
2214 3362 2235 3393 ,
2300 3312 2372 3379 et
2436 3304 2775 3380 libertatis
2839 3304 3068 3379 favore
3090 3360 3111 3391 ,
3177 3308 3249 3377 et
3307 3300 3497 3401 pacis
3562 3301 3775 3377 etiam
3838 3301 4229 3403 nuperrime

1191 3423 1542 3499 beneficiis
1559 3482 1582 3513 ,
1643 3432 1715 3499 et
1773 3424 1974 3499 bellis
2036 3425 2181 3501 iam
2234 3423 2659 3524 gravissimis
2690 3421 3403 3523 „magnificentissime
3470 3420 3689 3519 gestis
3707 3478 3729 3511 ‚
3792 3428 3867 3513 et
3914 3421 4225 3521 gentium

1195 3543 1816 3617 consociationibus
1831 3600 1852 3632 ‚
1919 3543 2270 3620 miraculis
2334 3552 2944 3619 monumentorum
2962 3601 2983 3632 ,
3058 3548 3131 3616 et
3196 3539 3453 3617 artium
3511 3540 3903 3617 laetissimo·
3948 3530 4229 3617 flore*et

1016 3673 1080 3702 Χ
1191 3681 1378 3735 nunc
1444 3684 1656 3760 quam
1713 3661 2014 3738 maxime
2070 3662 2441 3761 conspicuo
2494 3663 3004 3739 condecoratur.
3106 3660 3247 3735 Sed
3308 3660 3481 3734 haec
3540 3660 3779 3737 omnia
3834 3685 4011 3746 num
4066 3659 4227 3759 quid

1193 3778 1532 3868 afferunt,
1599 3786 1680 3855 ut
1754 3804 1986 3855 veram
2053 3781 2414 3871 virtutem,
2483 3783 2837 3881 animique
2900 3778 3394 3883 praestantiam
3467 3786 3540 3854 et
3597 3804 3762 3855 cum
3828 3780 4225 3857 innocentia

1194 3896 1607 3997 dignitatem
1653 3898 2126 3976 retineamus?
2220 3902 2548 3977 Afferunt
2590 3926 2755 3977 sane
2800 3926 3011 4001 quam
3050 3900 3389 4000 plurima,
3452 3910 3525 3973 et
3574 3899 3669 3975 ad
3714 3899 4043 3975 ultimam
4096 3898 4231 3973 fere

1191 4017 1472 4117 plebem
1515 4044 1737 4117 usque
1777 4018 1920 4095 iam
1962 4020 2402 4120 exagitantur
2444 4020 2745 4097 facinora
2782 4020 3105 4120 quaevis,
3155 4018 3329 4093 dum
3374 4018 3593 4093 animi
3634 4018 3802 4095 vitia
3844 4018 3945 4093 sic
3988 4026 4228 4119 aggre-

1195 4136 1470 4212 diamur
1531 4138 2038 4228 efficacissime,
2126 4148 2209 4215 ut
2273 4141 2489 4241 probe
2557 4139 2781 4215 vivere
2851 4138 3399 4235 uniuscuiusque
3474 4136 3807 4213 interesse
3884 4161 4253 4213 curemus..

1189 4255 1388 4334 Dum
1433 4264 1669 4335 autem
1720 4257 1958 4357 gravia
1999 4258 2170 4335 haec
2211 4259 2352 4335 sint
2392 4258 2845 4353 adminicula,
2895 4267 2968 4334 et
3006 4270 3291 4357 prorsus
3338 4280 3479 4330 non
3526 4258 3955 4357 spernenda,
3996 4258 4229 4357 ipsum

1191 4396 1424 4450 rerum
1467 4375 1823 4467 cardinem
1862 4383 1933 4451 et
1977 4375 2054 4451 id
2097 4376 2286 4475 quod
2327 4384 2539 4477 caput
2584 4385 2693 4453 est
2737 4400 2966 4476 neque
3012 4382 3313 4475 tangunt
3351 4398 3579 4475 neque
3618 4383 3889 4451 curant.
3988 4378 4227 4451 Anno·

1192 4492 1356 4568 tabo
1398 4492 1800 4570 brevissime
1821 4552 1842 4584 ,
1891 4496 2082 4593 quod
2142 4495 2216 4571 in
2259 4497 2577 4573 omnium
2622 4496 2765 4573 sive
2808 4522 2925 4573 ore
2968 4497 3109 4573 iam
3144 4496 3311 4585 erit,
3362 4495 3505 4571 sive
3542 4496 3799 4573 animo.
3901 4496 4057 4571 Nae
4100 4496 4231 4569 ista

1189 4610 1588 4689 humanitas
1648 4613 1981 4689 latissime
2041 4639 2276 4714 sparsa
2316 4621 2455 4692 'non
2504 4616 2903 4717 prohibuit,
2952 4616 3169 4706 eheu,
3220 4640 3362 4715 quo
3411 4616 3645 4691 minus
3690 4614 3863 4691 solio
3903 4612 4225 4691 exturba-

1193 4738 1382 4807 retur
1437 4731 1697 4809 vicinae
1757 4732 2050 4811 alicuius
2101 4734 2404 4813 nationis
2442 4758 2565 4811 rex
2608 4734 3177 4837 generosissimus
3194 4790 3218 4825 ,
3264 4758 3404 4810 non
3451 4732 3844 4832 prohibuit,
3899 4755 4043 4831 quo
4098 4731 4227 4806 mi·
