4766 6034
1110 628 1198 695 24
2177 588 2412 695 rja.
2496 628 3081 695 KRIEGER

1211 835 1409 911 Nihil
1467 835 1608 911 iam
1665 834 1806 909 fere
1865 830 2042 907 mihi
2094 840 2310 911 restat
2327 894 2347 925 ,
2410 836 2547 911 nisi
2599 846 2681 912 ut
2732 837 3033 913 indicem
3082 835 3155 909 in
3212 860 3519 935 quonam
3572 843 3762 914 statu
3807 838 3995 915 varia
4042 840 4157 915 ‘m-

1111 957 1356 1033 stituta
1402 954 1795 1032 academica
1845 960 2220 1031 versentur.
3896 1010 3911 1025 .

1203 1078 1442 1176 Atque
1502 1074 2008 1151 Bibliothecam
2061 1075 2523 1153 academicam
2545 1136 2565 1167 ‚
2614 1078 2925 1153 Hortum
2976 1075 3380 1153 botanicum
3426 1077 3751 1177 variaque
3796 1088 4154 1180 praeterea

1111 1196 1602 1299 suppellectilis
1671 1194 2100 1272 academicae
2166 1199 2599 1297 'receptacula
2673 1205 2743 1273 et
2762 1180 3111 1273 -officinas
3178 1197 3253 1273 in
3320 1198 3584 1297 optimo
3644 1202 3897 1276 versari
3959 1210 4157 1277 statu

1109 1326 1318 1418 atque
1373 1316 1702 1392 subsidiis
1745 1316 1915 1392 satis
1962 1316 2380 1417 abundeque
2430 1324 2815 1395 sustentata
2875 1344 3027 1395 esse
3046 1376 3066 1406 ,
3134 1317 3284 1417 ipse
3331 1318 3529 1393 testis
3596 1344 3753 1394 sum
3810 1320 4151 1397 oculatus.

1201 1442 1304 1515 At
1365 1464 1505 1513 non
1566 1438 1801 1513 omnia
1867 1437 1941 1511 in
2005 1438 2389 1514 Academia
2455 1448 2690 1529 nostra
2750 1440 2971 1515 nitere
3027 1438 3216 1512 idem
3262 1445 3588 1537 expertus
3642 1440 3805 1515 scio,
3904 1442 4157 1517 Minus

1108 1560 1293 1635 enim
1341 1585 1552 1659 quam
1595 1584 1722 1659 par
1769 1565 1876 1633 est
1923 1565 2366 1658 prospectum
2408 1568 2515 1635 est
2559 1567 2639 1635 ut
2693 1559 3005 1635 aedificia
3025 1618 3047 1648 ,
3094 1558 3167 1633 in
3212 1559 3471 1658 quibus
3512 1560 3871 1660 suppellex
3906 1562 4155 1637 acade-
4284 1604 4303 1617 ,

1107 1682 1286 1758 miae
1332 1687 1754 1769 asservatur,
1773 1679 1964 1775 ,satis
2010 1678 2151 1754 sint
2187 1682 2421 1780 ampla
2442 1740 2461 1769 ‚
2514 1688 2594 1755 ut
2635 1688 2705 1755 et
2744 1679 3059 1756 materiei
3094 1680 3226 1754 rite
3264 1680 3733 1780 disponendae
3766 1681 4115 1757 sufficiant
4134 1742 4155 1771 ,

1106 1810 1176 1878 et
1221 1801 1712 1879 Academicam
1757 1782 2192 1876 iuventutem
2235 1801 2310 1876 in
2355 1800 2445 1875 iis
2488 1801 2870 1877 docendam
2918 1826 3159 1901 capere
3204 1802 3492 1900 possint.

1203 1925 1290 1997 In
1365 1922 1474 1997 his
1543 1922 1856 1997 omnium
1927 1921 2228 1996 maxime
2295 1929 2634 1997 mutatam
2714 1922 3292 2020 emendatamque
3364 1923 3829 1999 conditionem
3898 1923 4159 1998 clamat

1107 2042 1500 2119 aedificium
1515 2101 1535 2131 ,
1595 2040 1784 2142 quod
1828 2040 2320 2117 Bibliothecae.
2339 2040 2797 2117 Academicae
2840 2040 3311 2117 voluminibus
3350 2043 3696 2119 tributum
3738 2052 3879 2132 est,
3928 2044 4155 2117 domi-

1105 2162 1344 2237 cilium
1397 2161 1612 2238 eheul
1667 2170 1874 2237 tenue
1929 2172 2000 2236 et
2051 2168 2429 2261 angustum
2448 2218 2469 2249 ,
2530 2158 2703 2235 adeo
2758 2168 2839 2234 ut
2880 2184 3018 2233 non
3066 2166 3341 2235 tantum
3382 2160 3713 2253 librorum
3760 2160 4015 2235 molem
4052 2160 4163 2236 ibi

1107 2290 1608 2359 asservatorum
1675 2282 1852 2356 ferre
1918 2284 2228 2370 recuset,
2295 2280 2421 2354 sed
2482 2278 2693 2355 etiam
2750 2304 3007 2379 magna
3076 2303 3235 2379 pars
3298 2304 3589 2380 operum
3648 2281 4159 2380 praestantissi-

1105 2428 1377 2479 morum
1430 2403 1502 2479 in
1543 2402 1862 2503 granaria
1916 2403 2224 2477 coniecta
2267 2410 2338 2474 et
2377 2408 2738 2499 tamquam
2782 2401 2857 2474 in
2900 2399 3223 2476 exsilium
3270 2401 3410 2475 sint
3450 2401 3789 2500 ablegata.
3890 2401 4157 2477 Obser-

1103 2524 1443 2599 vatorium
1504 2522 2040 2600 astronomicum
2059 2579 2080 2610 ,
2145 2522 2268 2597 cui.
2315 2529 2587 2621 praeest
2650 2521 2751 2595 vir
2793 2521 2983 2620 apud
3031 2528 3374 2596 nostrates
3428 2527 3499 2595 et
3542 2528 3813 2607 exteros
3862 2518 4161 2596 clarissi-

1103 2668 1263 2720 mus
1283 2704 1304 2733 ,
1373 2653 1520 2719 tam
1587 2643 1835 2743 grandi
1882 2642 2164 2718 nomine
2209 2640 2581 2741 indignum
2630 2666 2779 2715 esse
2828 2642 3012 2716 inter
3058 2664 3299 2717 omnes
3349 2640 3765 2715 iamdudum
3810 2642 4161 2717 convenit.

1105 2765 1439 2839 Museum
1484 2763 1850 2862 physicum
1901 2770 1974 2836 et
2012 2759 2539 2836 Laboratorium
2586 2760 2977 2836 chemicum
3022 2760 3139 2835 vix
3184 2759 3437 2835 melius
3486 2766 3652 2834 sunt
3678 2759 3915 2835 habita
3942 2786 4165 2859 quam

1104 2882 1564 2959 Bibliotheca·
1663 2883 1750 2957 In
1807 2882 1892 2955 iis
1936 2906 2213 2980 quoque
2253 2905 2394 2955 non
2448 2880 2615 2956 satis
2655 2889 2763 2955 est
2806 2881 3011 2981 spatii
3031 2940 3051 2969 ,
3113 2888 3195 2955 ut
3250 2880 3437 2956 varia
3489 2880 3953 2955 instrumenta
3996 2890 4165 2981 apte

1105 3002 1420 3078 collocari
1484 3000 1754 3103 possint
1803 3008 2012 3101 atque
2063 3000 2306 3102 gnavis
2353 3000 2725 3077 iuvenibus
2772 3001 3339 3077 exercitationum
3388 3000 4167 3101 experimentorumque

1101 3123 1574 3200 faciendorum
1639 3122 1902 3198 occasio
1967 3121 2060 3196 sit
2133 3122 2315 3196 data.
2437 3123 2639 3196 Idem
2701 3122 3003 3222 denique
3064 3123 3175 3182 -’
3228 3121 3457 3220 neque
3524 3122 3681 3220 quis
3744 3121 3967 3197 credit
4030 3147 4167 3222 pm

1101 3244 1238 3318 aris
1286 3252 1357 3318 et
1403 3243 1574 3318 focis
1621 3268 1736 3318 me
1784 3266 2098 3342 pugnare
2119 3302 2139 3331 ,
2189 3243 2379 3316 idem
2427 3242 2569 3316 fere
2618 3241 2796 3316 valet
2846 3243 2935 3317 de
2982 3241 3397 3318 Nosocomio
3446 3241 3853 3316 academico,

1119 3433 1126 3440 .
1205 3364 1346 3438 Sed
1403 3388 1769 3472 parcamus
1839 3363 2174 3462 querelisl
2249 3387 2445 3462 spem
2514 3362 2699 3436 enim
2773 3363 2934 3438 licet
2996 3362 3354 3462 concipere
3420 3387 3647 3462 neque
3704 3363 4163 3439 immaturam

1101 3509 1330 3583 neque
1393 3485 1824 3559 temerariam
1847 3543 1866 3573 ,
1934 3483 2076 3558 fore
2146 3489 2225 3558 ut
2293 3507 2455 3556 mox
2522 3505 3003 3582 quaecumque
3063 3483 3203 3558 iam
3252 3491 3417 3558 sunt
3468 3508 3713 3558 manca
3774 3492 3845 3557 et
3910 3482 4165 3557 vitiosa

1104 3605 1536 3704 corrigantur
1604 3611 1676 3677 et
1723 3603 2194 3703 suppleantur.
2296 3601 2715 3677 Academiae
2768 3603 2955 3678 enim
3008 3604 3414 3692 Curatores,
3482 3603 3611 3676 viri
3662 3602 4163 3690 illustrissimi,

1106 3725 1232 3825 qui
1273 3725 1450 3799 nihil
1495 3749 1735 3800 eorum
1781 3723 2288 3823 praetervident
2337 3722 2525 3796 unde
2578 3722 2999 3797 Academiae
3048 3723 3343 3798 salutem
3382 3722 3697 3797 iudicant
3742 3722 4043 3822 pendere
4086 3729 4165 3796 et

1103 3847 1343 3921 florem
1364 3904 1384 3935 ,
1436 3844 1623 3919 hisce
1677 3843 2048 3918 sarciendis
2098 3843 2372 3918 damnis
2423 3865 2701 3916 0111110111
2748 3842 3049 3942 lapidem
3097 3851 3461 3918 moverunt
3478 3901 3499 3932 ,
3560 3851 3771 3941 atque
3814 3842 3951 3916 nisi
3996 3867 4163 3917 mea

1103 3991 1219 4042 me
1302 3977 1458 4065 spes
1536 3964 1712 4040 fallit
1773 3965 2080 4040 multum
2149 3963 2289 4038 iam
2353 3971 2861 4061 promoverunt.
2966 3963 3180 4042 Quod
3257 3962 3382 4037 diu
3462 3963 3907 4062 multumque
3974 3971 4047 4036 et
4116 3988 4163 4037 a

1103 4087 1346 4163 multis
1395 4084 1738 4184 agitatum
1791 4091 1898 4160 est
1948 4082 2347 4160 Nosocomii
2390 4082 2791 4158 Academici
2842 4083 3310 4183 amplificandi
3360 4083 3727 4159 consilium
3748 4143 3771 4173 ‚
3834 4082 3965 4157 hoc
4010 4081 4159 4157 iam

1102 4208 1176 4280 in
1223 4232 1308 4282 eo
1374 4214 1480 4280 est
1525 4213 1607 4283 ut
1651 4213 1984 4304 patretur.
2085 4203 2278 4278 Huic
2327 4205 2747 4279 exstruendo
2798 4204 3111 4280 aedificio
3166 4203 3570 4302 propediem
3614 4227 3867 4278 manus
3910 4202 4159 4276 admo·-

1103 4327 1454 4402 vebuntur
1469 4359 1488 4414 3
1553 4325 1862 4400 chemiae
1909 4349 2068 4400 vero
2111 4332 2183 4399 et
2231 4325 2559 4424 physicae
2610 4325 2959 4400 docendae
3008 4323 3321 4399 aedificia
3360 4323 3797 4423 assignatum
3856 4321 3942 4395 iri
4004 4346 4163 4396 ma-

1089 4463 1094 4468 ’
1104 4448 1214 4548 gis
1277 4447 1526 4522 idonea
1546 4506 1567 4535 ,
1635 4471 1826 4545 spem
1874 4445 2223 4534 fovemus,
2287 4444 2480 4520 haud
2522 4444 2711 4520 illam
2735 4503 2753 4533 ,
2805 4469 3204 4544 precamur,
3256 4467 3525 4518 vanam.
3625 4443 3975 4542 Magnum
4018 4441 4167 4516 fert

1108 4589 1347 4640 rumor
1403 4565 1796 4641 aedificium
1859 4565 1946 4639 iri
2005 4565 2362 4639 conditum
2386 4623 2406 4654 ,
2474 4573 2545 4640 et
2609 4565 2720 4640 his
2781 4564 3160 4664 disciplinis
3232 4573 3303 4638 et
3368 4563 3715 4638 docendae
3764 4562 4167 4637 anatomiae

1107 4685 1566 4774 destinatum3
1637 4691 1710 4759 et
1777 4685 1835 4760 si
1899 4709 2140 4760 verum
2205 4693 2345 4774 est,
2413 4685 2603 4784 quod
2662 4710 2905 4761 verum
2944 4709 3093 4760 esse
3146 4692 3217 4759 et
3263 4683 3583 4782 cupimus
3639 4691 3711 4758 et
3766 4681 4119 4758 credimus
4138 4742 4165 4771 ‚

1107 4805 1349 4880 eadem
1407 4829 1614 4906 opera
1677 4831 1950 4906 pressae
1965 4865 1990 4899 ,
2053 4828 2319 4904 suaque
2363 4805 2849 4906 magnitudine
2897 4804 3239 4882 laboranti
3304 4803 3781 4880 Bibliothecae
3826 4827 4169 4902 prospec-
