4766 6034
1000 603 1088 670 48
2185 602 2853 670 A.KUENEN

997 834 1228 885 rerum
1294 808 1910 884 diversissimarum
1974 806 2389 908 farraginem
2455 809 2659 884 nobis
2728 809 3088 884 venditat?
3178 810 3281 883 At
3338 819 3601 908 quanta
3662 836 3749 887 ex
3800 813 4043 888 eadem

1005 929 1124 1003 illa
1169 930 1535 1029 disciplina
1576 953 1848 1002 summo
1887 927 2038 1003 iure
2079 934 2560 1027 exspectamus
2608 929 3076 1003 emolumenta
3095 987 3115 1016 ‚
3167 929 3227 1002 si
3261 929 3497 1004 critica
3533 938 3679 1004 arte
3710 939 4045 1031 perpetuo

1003 1049 1228 1123 utitur
1289 1058 1359 1124 et
1418 1049 1510 1123 ad
1572 1047 1802 1148 gentis
1871 1046 2341 1124 conditionem
2402 1055 2548 1123 tam
2618 1055 2975 1122 externam
3038 1071 3251 1146 quam
3308 1049 3655 1124 internam
3714 1057 4046 1150 perpetuo

1001 1169 1364 1242 attendens
1387 1227 1408 1257 ‚
1479 1167 1652 1267 quid
1714 1166 2041 1241 omnibus
2105 1167 2450 1242 aetatibus
2509 1191 2876 1244 commune
2894 1226 2914 1255 ‚
2987 1168 3161 1265 quid
3211 1169 3641 1267 singularum
3688 1169 4043 1268 proprium

1001 1289 1091 1361 sit
1126 1312 1505 1387 proponere
1522 1347 1542 1376 ,
1579 1287 1752 1388 quid
1790 1287 2198 1386 primarium
2217 1345 2238 1375 ,
2279 1287 2455 1386 quid
2498 1287 2783 1362 minoris
2821 1286 3158 1362 momenti
3175 1346 3195 1376 ,
3247 1288 3420 1386 quid
3448 1289 3669 1387 ipsius
3695 1288 4044 1388 religionis

998 1401 1352 1506 principiis
1396 1431 1827 1506 consequens
1842 1464 1863 1495 ‚
1915 1405 2089 1504 quid
2135 1406 2417 1482 aliunde
2465 1407 2833 1483 advectum
2892 1407 2982 1480 sit
3000 1465 3020 1493 ,
3072 1406 3452 1482 diiudicare
3498 1408 3819 1482 conatur!
3910 1409 4045 1482 Ar·

1000 1526 1224 1601 duum
1281 1551 1432 1601 esse
1495 1527 1892 1601 istiusmodi
1946 1551 2278 1603 conamen
2330 1534 2403 1601 et
2452 1527 2873 1625 periculosae
2920 1527 3209 1625 plenum
3246 1526 3435 1601 aleae
3453 1585 3473 1614 ,
3523 1551 3663 1601 non
3712 1525 4043 1615 diffiteor,

998 1647 1197 1734 AA.;
1264 1672 1394 1722 nec
1457 1655 1694 1722 tamen
1759 1646 1915 1721 illos
1964 1647 2348 1722 audiendos
2392 1671 2543 1722 esse
2590 1646 2882 1721 arbitror
2901 1705 2920 1734 ,
2970 1646 3096 1744 qui
3144 1654 3424 1745 propter
3464 1645 3763 1722 fontium
3808 1647 4041 1744 pauci·

999 1773 1218 1841 tatem
1283 1766 1371 1840 ab
1431 1791 1514 1841 eo
1565 1765 2082 1870 abstinendum·
2111 1791 2262 1842 esse
2309 1765 2641 1842 iudicant.
2742 1766 2948 1841 Hanc
3000 1766 3187 1841 enim
3248 1766 3379 1840 etsi
3436 1790 3734 1865 agnosco
3796 1772 3867 1840 et
3926 1766 4043 1839 de-

1000 1885 1193 1984 ploro
1209 1942 1229 1974 ,
1297 1909 1437 1960 non
1487 1893 1756 1981 tantam
1806 1910 1956 1962 esse
2003 1880 2322 1962 eiistimo
2340 1947 2360 1977 ,
2412 1894 2497 1962 ut
2544 1885 2632 1963 de
2676 1886 2859 1960 bono
2908 1894 3161 1959 eventu
3213 1910 3491 1984 prorsus
3534 1886 3626 1958 sit
3674 1885 4041 1984 desperan-

1004 2003 1214 2078 dum:
1289 2029 1514 2102 neque
1583 2005 1894 2106 profecto,
1948 2006 2021 2080 in
2086 2007 2188 2081 rei
2246 2006 2733 2106 magnitudine
2799 2011 2870 2079 et
2924 2013 3279 2079 momento
3331 2005 3589 2080 desunt
3637 2003 3997 2080 illecebrae
4018 2063 4041 2092 ,

1003 2148 1184 2221 quae
1233 2123 1688 2200 fortissimum
1736 2150 2090 2226 quemque
2135 2127 2460 2203 alliciant.

1097 2246 1302 2322 Quae
1374 2246 1608 2321 omnia
1632 2303 1652 2335 ‚
1720 2246 1808 2322 de
1873 2272 1956 2323 ea
2015 2244 2245 2346 gentis
2307 2244 2634 2320 historiae
2689 2251 2884 2344 parte
2942 2245 3163 2334 dicta,
3224 2239 3435 2344 quam
3482 2243 3755 2318 Veteris
3804 2242 4042 2316 Testa-

997 2363 1219 2436 menti
1287 2371 1599 2462 spectant
1664 2363 1861 2454 libri,
1931 2365 2144 2440 etiam
2197 2364 2292 2440 ad
2343 2364 2668 2439 seriorem
2717 2371 3018 2472 aetatem
3070 2364 3545 2440 transferenda
3592 2371 3778 2440 sunt.
3849 2364 4041 2441 Que-

993 2481 1174 2555 relae
1193 2539 1212 2569 ,
1266 2507 1476 2580 quam
1528 2482 1736 2559 modo
1777 2482 2170 2557 audivimus
2191 2539 2212 2570 ‚
2260 2482 2350 2557 de
2400 2482 2699 2556 fontium
2755 2482 3105 2581 paucitate
3152 2483 3269 2558 hic
3320 2485 3541 2582 magis
3593 2483 3808 2559 etiam
3853 2483 4043 2558 locus

995 2609 1102 2674 est
1173 2625 1386 2700 quam
1443 2609 1679 2676 antea:
1752 2608 1827 2677 at
1891 2627 1974 2676 eo
2034 2602 2293 2678 maiore
2355 2626 2521 2678 cum
2578 2602 2819 2677 ardore
2870 2603 3080 2703 pauci
3130 2602 3231 2676 illi
3248 2659 3267 2690 ,
3326 2604 3451 2701 qui
3500 2628 3585 2677 ex
3632 2629 3715 2678 ea
3760 2601 4041 2702 periodo

997 2727 1409 2816 supersunt,
1474 2719 1638 2794 libri
1693 2719 2036 2794 tractandi
2084 2726 2156 2794 et
2197 2720 2271 2794 in
2315 2718 2623 2794 historici
2676 2744 2884 2795 usum
2928 2721 3375 2795 convertendi
3420 2731 3603 2797 sunt.
3702 2721 3855 2802 Qui
3894 2720 4041 2795 He-

991 2838 1298 2912 braicam
1347 2838 1837 2937 antiquitatem
1888 2862 2178 2937 eamque
2218 2844 2440 2914 totam
2480 2839 2873 2940 intelligere
2914 2848 3204 2915 conatur
3222 2899 3242 2927 ,
3293 2841 3557 2916 nullam
3588 2842 3739 2916 eius
3773 2845 4037 2940 partem

991 2964 1147 3031 tuto
1207 2957 1556 3059 negliget,
1629 2983 1870 3035 verum
1932 2959 2026 3034 ad
2083 2959 2445 3036 historiam
2503 2960 2747 3062 populi
2793 2985 2834 3034 e
2886 2960 3285 3061 captivitate
3339 2960 3611 3036 reducis
3630 3019 3650 3051 ,
3698 2960 3792 3037 ad
3843 2959 4039 3035 insti-

989 3085 1146 3153 tuta
1163 3137 1184 3167 ,
1247 3104 1426 3179 quae
1486 3086 1658 3154 tunc
1719 3079 2054 3178 temporis
2101 3079 2587 3169 invaluerunt,
2638 3080 2730 3157 ad
2781 3088 3125 3156 mutatam
3175 3082 3405 3179 gentis
3452 3080 3759 3156 indolem
3814 3079 4041 3179 magis

991 3182 1202 3273 etiam
1245 3200 1562 3276 animum
1612 3200 2017 3289 attendent,
2066 3206 2413 3299 quotquot
2451 3199 2671 3299 ipsius
2721 3199 3073 3299 religionis
3132 3207 3455 3274 naturam
3476 3258 3497 3289 ‚
3544 3198 4041 3298 praestantiam

993 3318 1203 3393 simul
1249 3328 1321 3393 et
1367 3320 1678 3395 defectus
1695 3378 1716 3408 ,
1764 3344 2174 3419 cognoscere
2219 3319 2525 3395 student.
2616 3319 2783 3393 ‘Etsi
2834 3319 3019 3394 enim
3069 3320 3495 3395 Mosaismus
3540 3319 3619 3394 in
3664 3300 3911 3395 multis
3948 3318 4037 3395 ab

991 3437 1282 3537 antiqua
1347 3439 1769 3537 praestantia
1833 3440 2402 3539 degeneraverat,
2468 3438 2690 3512 multa
2758 3444 2991 3513 tamen
3056 3439 3149 3513 ad
3172 3446 3185 3455 '
3212 3440 3399 3514 illius
3466 3439 3770 3513 indolem
3826 3438 4037 3537 probe

990 3558 1542 3657 perspiciendam
1591 3559 1832 3633 eadem
1881 3558 2050 3632 haec
2093 3556 2419 3631 historiae
2464 3581 2623 3655 pars
2672 3558 2978 3631 conferre
3032 3559 3322 3657 poterit:
3394 3559 3635 3657 negari
3681 3556 3873 3633 enim
3918 3582 4036 3631 ne·

995 3678 1190 3775 quit,
1261 3678 1489 3778 legem
1546 3704 1670 3778 per
1727 3685 1946 3752 totam
2005 3677 2184 3752 hanc
2231 3675 2595 3776 periodum
2648 3676 2742 3751 ad
2796 3676 3019 3774 ipsam
3068 3685 3348 3777 gentem
3402 3676 3838 3775 formandam
3881 3676 4035 3775 plu·

995 3798 1252 3871 rimum
1299 3797 1634 3886 valuisse3
1684 3797 1884 3872 cuius
1930 3798 2030 3871 rei
2067 3821 2312 3873 caussa
2345 3803 2418 3870 et
2456 3796 2633 3872 rat-io
2652 3854 2671 3884 ,
2718 3804 3065 3896 quantum
3104 3798 3255 3871 fieri
3286 3804 3515 3896 potest
3533 3855 3553 3885 ,
3593 3794 4033 3895 explicandae

1001 3920 1207 4002 sunt,
1269 3922 1355 3991 ut
1416 3914 1650 4012 ipsum
1713 3913 1886 4014 16318
1954 3913 2358 3989 institutum
2422 3914 2584 3989 inde
2650 3914 3057 3992 illustretur.
3157 3915 3623 3991 Utilissimam
3666 3939 3834 4015 ergo
3882 3938 4034 4013 pro-

999 4033 1319 4108 nuntiare
1355 4034 1419 4107 A
1425 4034 1930 4133 pocryphorum
1976 4026 2042 4132 q.
2086 4032 2158 4107 d.
2185 4031 2474 4107 Veteris
2516 4035 2942 4109 Testamenti
2984 4036 3353 4134 repetitam
3392 4034 3757 4109 lectionem
3798 4034 4037 4109 nullus

1003 4153 1290 4242 dubito,
1353 4154 1568 4252 idque
1629 4179 1712 4228 eo
1756 4153 2031 4242 minue,
2091 4178 2231 4254 quo
2283 4154 2508 4254 magis
2556 4179 2601 4229 a
2658 4153 2999 4253 theologis
3044 4154 3253 4253 vulgo
3302 4152 3795 4252 negliguntur;
3846 4150 4034 4251 quod

996 4273 1108 4348 vel
1173 4271 1338 4347 inde
1394 4279 1627 4373 p'atet,
1687 4272 1879 4371 quod
1924 4281 2158 4348 nostra
2199 4279 2460 4363 aetate,
2514 4272 3169 4349 commentariorum
3229 4296 3393 4347 sane
3446 4296 3659 4370 quam
3700 4269 4034 4347 feracissi-

999 4416 1154 4479 ma,
1219 4392 1335 4465 vix
1401 4417 1586 4467 unus
1629 4392 1884 4467 alterve
1933 4391 2273 4468 exstiterit
2313 4392 2721 4493 theologus,
2772 4392 2894 4492 qui
2943 4391 3037 4466 ad
3074 4390 3649 4491 Apocryphorum
3700 4387 4035 4489 interpre-

999 4509 1333 4586 tationem
1379 4536 1452 4585 se
1500 4511 1907 4611 accingeret.

1100 4627 1323 4703 Valde
1377 4630 1682 4730 profecto
1741 4631 2119 4707 dolendum
2171 4641 2278 4708 est
2302 4691 2323 4721 ,
2390 4658 2478 4708 61
2536 4633 2755 4731 ipsius
2816 4633 2855 4704 I
2870 4656 2909 4707 6
2924 4656 2957 4706 8
2972 4656 3023 4706 u
3083 4638 3157 4707 et
3216 4629 3709 4729 Apostolorum
3764 4632 3987 4703 aetate
4009 4680 4035 4711 ‚

1001 4754 1272 4847 praeter
1331 4749 1879 4826 Christianorum
1936 4752 2182 4844 libros,
2247 4752 2666 4853 paucissima
2716 4776 3072 4852 superesse
3112 4755 3561 4827 monumenta
3579 4806 3601 4840 ,
3650 4746 3839 4823 unde
3882 4744 4035 4819 He-
